4530 5776
1102 606 1147 680 ll.

532 809 584 877 ns
606 808 926 895 enuuclrtlonlbus,
948 828 1024 895 que
1047 813 1091 880 ub
1114 813 1201 901 queri
1219 809 1407 896 incipiunt,
1429 826 1494 894 por
1515 826 1553 876 se
1575 807 1712 893 positis.

406 971 506 1036 Paulo
539 971 630 1038 cliter
655 983 762 1037 sutem
789 970 857 1037 heo
884 971 1041 1060 porticula
1067 974 1212 1062 usurpsri
1239 973 1375 1050 videtur,
1397 993 1496 1059 quum
1519 970 1700 1037 enuncistio
1723 993 1781 1059 per
1803 994 1873 1037 enm
1895 971 1988 1039 etun.

274 1117 338 1160 non
372 1094 412 1160 sb
439 1095 657 1161 enunoistione
685 1095 834 1183 primoris
859 1097 985 1185 pendet,
1014 1097 1067 1164 sed
1091 1099 1156 1165 sols
1178 1097 1281 1186 positu
1302 1095 1371 1185 ipss
1392 1118 1449 1184 per
1471 1117 1504 1161 se
1527 1094 1696 1161 consistere
1717 1094 1855 1163 videtur.
1902 1094 1983 1175 Qua

273 1217 401 1285 dicendi
423 1219 504 1284 rstio
526 1231 595 1285 tum
619 1220 774 1307 precipue
795 1219 938 1287 adhiberi
962 1221 1053 1301 solet,
1076 1245 1173 1309 quum
1196 1221 1267 1309 quis
1289 1218 1538 1308 reprehendendi
1554 1220 1608 1285 vel
1623 1218 1800 1306 corrigendi
1814 1242 1908 1284 csuse
1920 1217 1980 1285 sli-

274 1341 352 1430 quid
374 1365 432 1430 per
454 1342 596 1421 ironiam,
619 1366 713 1430 quem
736 1356 861 1422 vocent,
884 1345 930 1410 its
952 1343 1040 1423 dicit,
1056 1357 1092 1411 ut
1108 1369 1181 1412 cum
1198 1344 1334 1433 qusdsm
1350 1343 1600 1410 dissimulatione
1615 1343 1702 1410 sliud
1716 1343 1803 1409 diost
1817 1365 1854 1408 sc
1869 1343 1980 1409 sentit.

272 1466 374 1552 Cujus
394 1489 469 1533 usus
483 1466 547 1532 duo
561 1489 676 1555 genere
690 1467 826 1535 discerni
840 1481 984 1555 possunt.
1030 1469 1113 1536 Nem
1129 1483 1185 1535 sut
1199 1482 1272 1535 snte
1287 1468 1464 1534 membrum
1480 1491 1536 1556 per
1551 1468 1644 1551 quast
1657 1466 1843 1555 porticulum
1858 1466 1982 1533 elstum

273 1589 403 1677 ponitur
425 1589 606 1656 enuncistio
629 1589 778 1678 primerio
797 1603 853 1657 sut
871 1593 965 1680 plene
985 1595 1152 1660 omittitur.
1195 1593 1305 1679 Neque
1326 1604 1432 1662 tumen
1451 1614 1602 1678 umquem
1618 1590 1800 1657 enuncintio
1816 1613 1872 1679 per
1887 1593 1985 1678 quusi

273 1714 460 1802 perticulam
482 1716 565 1781 cloto
585 1716 624 1781 sd
647 1714 840 1804 primsrism,
861 1717 886 1782 si
907 1719 1065 1805 precedit,
1086 1718 1223 1784 refertur
1238 1740 1339 1804 neque
1354 1717 1488 1782 elterum
1503 1715 1681 1781 membrum
1696 1714 1737 1780 sb
1751 1715 1852 1781 sltero
1868 1726 1984 1803 aptum

273 1850 331 1917 est,
346 1838 402 1904 sed
417 1850 550 1927 utreque
562 1840 739 1907 enunoistio
749 1841 819 1929 ipss
832 1863 889 1929 per
904 1865 936 1907 sc
951 1843 1088 1930 ponitur.
1133 1842 1257 1908 Omisso
1271 1853 1380 1921 sutem
1395 1840 1496 1929 priore
1511 1838 1652 1905 membro
1667 1839 1760 1923 quasi
1774 1836 1928 1927 perticuls
1942 1839 1981 1905 in

273 1961 364 2028 initio
385 1963 611 2029 enuncistionis
633 1965 771 2052 ponitur,
793 1965 839 2031 its
860 1979 898 2031 ut
920 1965 1098 2032 membrum
1121 1991 1179 2055 per
1201 1968 1294 2051 quusi
1315 1966 1434 2031 elntum
1456 1987 1544 2052 piene
1567 1963 1633 2029 vim
1654 1987 1690 2029 sc
1713 1974 1856 2029 nutursm
1880 1984 1983 2029 enun-

274 2085 419 2152 cistionis
442 2086 598 2175 primorie
620 2086 736 2154 bebere
758 2089 913 2155 videntur.
959 2091 997 2155 In
1019 2103 1156 2178 utroque
1178 2113 1253 2156 vero
1268 2089 1395 2156 dicendi
1410 2087 1530 2155 ratione
1546 2089 1630 2153 inest
1644 2087 1821 2153 contractio
1836 2085 1985 2174 quedem

273 2209 431 2290 emtionis,
455 2234 526 2299 quae
547 2211 647 2298 quelis
670 2213 711 2278 sit
732 2214 880 2300 exempls
901 2214 985 2280 infre
1007 2215 1182 2281 ostendent.

407 2336 439 2416 s)
462 2336 549 2402 Ante
572 2336 750 2402 membrum
772 2360 829 2425 per
851 2341 943 2421 qnasi
964 2339 1082 2405 elutum
1105 2339 1234 2426 ponitur
1254 2337 1434 2403 enuncistio
1449 2336 1607 2424 primerio,
1623 2335 1678 2401 sod
1695 2347 1865 2422 utrumque
1881 2358 1984 2401 mem·

274 2458 366 2524 brum
389 2457 494 2546 ipsum
517 2482 572 2547 per
595 2482 628 2525 se
650 2461 790 2547 ponitur.
836 2460 978 2539 Primum
1002 2462 1062 2527 trie
1082 2461 1229 2549 exemplu
1251 2460 1390 2537 efferum,
1415 2482 1552 2547 quorum
1573 2461 1608 2524 in
1630 2457 1849 2525 enunciatione
1863 2458 1984 2547 prims·

274 2582 320 2648 ris
353 2582 486 2649 verbum
519 2584 554 2648 in
580 2583 769 2673 imperativo
791 2585 921 2673 ponitur
943 2585 1023 2652 Heu.
1050 2587 1112 2651 109
1136 2586 1190 2651 At
1212 2585 1288 2662 uoti,
1310 2585 1486 2650 Parmeno:
1507 2585 1600 2668 quasi
1623 2595 1657 2649 tu
1680 2607 1743 2649 nou
1765 2584 1864 2650 multo
1886 2584 1985 2649 mulis

275 2729 410 2772 nonore
439 2707 497 2772 loc
519 2708 599 2772 miti
620 2728 715 2792 quam
740 2731 796 2795 eqo
820 2731 888 2796 quse
905 2723 1078 2798 percontor
1098 2713 1189 2789 scire,
1211 2710 1246 2775 in
1270 2733 1333 2797 quo
1355 2709 1595 2797 exemploque
1618 2709 1781 2797 qualisque
1804 2709 1846 2775 sit
1869 2708 1919 2774 vis
1942 2731 1985 2774 sc

274 2830 431 2896 sententis
452 2831 679 2897 enunciationis
702 2832 867 2920 primarie,
889 2846 975 2899 recte
996 2835 1092 2901 docet
1113 2835 1262 2914 Thomas,
1285 2857 1385 2921 quum
1407 2833 1518 2933 vertit:
1543 2832 1622 2898 ›Ahl
1646 2856 1686 2900 ne
1709 2833 1796 2921 psrle
1817 2857 1873 2921 pes
1889 2833 1983 2912 sinsi,

274 2977 314 3021 ne
347 2954 406 3021 fuis
429 2977 485 3042 pes
519 2967 589 3021 tant
621 2956 662 3021 de
696 2955 896 3022 difficultes».
948 2957 1025 3037 Qum
1048 2980 1147 3045 quum
1170 2957 1217 3021 its
1239 2957 1313 3034 sint,
1336 2957 1431 3021 fecile
1454 2969 1583 3043 apparet
1604 2956 1661 3021 bns
1681 2957 1758 3021 dues
1784 2956 1984 3022 enunciatio-

274 3101 330 3143 nes
351 3078 435 3145 iuter
457 3102 491 3143 se
513 3102 579 3144 non
600 3080 646 3145 its
668 3080 831 3167 conjungi,
855 3093 892 3145 ut
914 3081 1014 3147 alters
1036 3081 1075 3147 sb
1097 3080 1195 3146 sltere
1216 3078 1362 3167 pendeat,
1386 3078 1440 3143 sed
1462 3090 1627 3170 utromque
1649 3077 1751 3165 ipsem
1774 3102 1882 3164 perse
1898 3078 1983 3166 posi-

276 3214 341 3266 tsm
363 3225 439 3269 esse.
486 3203 589 3283 Quare
612 3203 647 3268 in
669 3204 842 3292 posteriore
865 3204 1007 3270 membro
1029 3205 1111 3270 inest
1133 3202 1381 3290 breviloquentia
1402 3201 1555 3289 quedam,
1578 3213 1616 3266 ut
1638 3204 1730 3286 quast
1751 3224 1809 3288 pro
1832 3204 1877 3265 itu
1901 3203 1985 3267 dicis

276 3327 376 3410 quari,
399 3327 445 3390 itu
468 3338 511 3393 est
534 3329 625 3412 quasi
647 3327 786 3414 positum
809 3351 875 3394 esse
897 3329 1051 3394 videatur.
1080 3327 1181 3393 Andr.
1206 3328 1270 3392 544
1287 3327 1351 3404 At,
1367 3348 1406 3391 ue
1420 3349 1468 3392 ms
1481 3326 1624 3391 obsecro:
1640 3326 1731 3409 quau
1746 3325 1801 3390 boc
1816 3338 1846 3391 te
1859 3327 1984 3393 orando

276 3472 297 3513 u
331 3472 379 3515 ms
412 3451 584 3538 impetrare
616 3462 770 3538 oporteat.
820 3452 903 3517 Eun.
938 3453 1002 3517 685
1037 3464 1104 3517 tese
1134 3452 1269 3517 obsecro:
1295 3452 1387 3538 quasi
1413 3472 1487 3516 vero
1508 3450 1646 3538 paulum
1677 3452 1824 3527 interstat,
1852 3449 1886 3514 in
1919 3473 1985 3537 quo

275 3572 424 3661 exemplo
449 3573 680 3641 observandum
706 3588 756 3642 est
782 3576 1035 3644 enunciationem
1058 3575 1265 3665 posteriorem
1286 3574 1326 3641 sb
1350 3576 1441 3659 quusi
1462 3597 1535 3640 vero
1558 3574 1854 3661 voculis-incipere,
1877 3574 1924 3640 its
1945 3587 1985 3640 ut

276 3699 368 3783 quusi
390 3698 605 3784 conjunctioni
627 3722 700 3764 vero
723 3699 864 3786 peticuls
885 3699 1067 3767 sllirmendi
1090 3724 1184 3767 osuss
1205 3698 1313 3765 sddits
1334 3722 1400 3764 esse
1423 3698 1577 3776 videntur,
1601 3698 1693 3783 cujus
1715 3720 1791 3763 usus
1814 3698 1897 3787 spud
1920 3698 1984 3763 Te·

276 3820 413 3886 rentium
435 3820 498 3886 boc
521 3844 620 3888 unum
643 3823 829 3910 exemplum
852 3823 1022 3891 invenitur.
1068 3824 1193 3890 Deinde
1214 3823 1279 3888 duo
1301 3823 1548 3909 exemplorum,
1565 3843 1698 3907 quorum
1713 3821 1747 3885 in
1763 3821 1984 3887 enunciatione

277 3943 426 4031 primoris
452 3945 571 4033 legitur
597 3946 790 4015 indicativus
818 3948 977 4036 presentis
999 3948 1052 4013 vel
1073 3947 1217 4036 perfecti:
1241 3945 1358 4013 Hesut.
1383 3945 1448 4011 353
1472 3945 1672 4010 ridiculumst
1696 3956 1724 4010 te
1746 3946 1827 4010 istuc
1849 3968 1898 4011 me
1921 3946 1984 4010 ud-

277 4089 412 4146 mcuere,
450 4067 608 4158 Clitipho:
642 4073 734 4156 quasi
766 4072 838 4137 istic
876 4094 944 4136 meu
978 4095 1027 4137 res
1060 4074 1167 4137 minor
1200 4082 1318 4158 epotus·
1344 4090 1440 4154 quam
1464 4080 1529 4134 tuo.
1576 4068 1715 4158 Adelph.
1740 4070 1805 4134 223
1829 4092 1887 4157 ape
1909 4070 1985 4135 uoci

279 4201 365 4257 tuom
394 4193 553 4257 animum:
582 4197 674 4280 quusi
695 4196 768 4280 jum
791 4216 924 4281 usquam
948 4195 1007 4261 tibi
1028 4196 1091 4260 siut
1113 4196 1226 4282 uiginti
1248 4196 1352 4272 minse,
1376 4195 1451 4258 dum
1475 4194 1549 4258 luis
1569 4193 1748 4279 obsequere,
1769 4193 1856 4280 quod
1875 4216 1984 4259 exem-

275 4314 365 4401 plum
392 4315 491 4395 Bone,
513 4316 659 4406 itemque
682 4318 806 4397 Plessis,
834 4317 1075 4407 interpretetur:
1104 4341 1244 4384 ›comme
1272 4318 1299 4383 si
1327 4316 1419 4405 vingt
1446 4318 1545 4383 mines
1572 4317 1689 4382 etaient
1711 4316 1848 4404 quelque
1871 4315 1986 4383 choses

278 4460 357 4525 pour
385 4439 440 4518 toi,
469 4441 575 4528 qusnd
602 4441 626 4507 il
649 4441 743 4529 s’sgit
764 4442 804 4508 dc
826 4441 993 4530 l’obligem.
1040 4443 1150 4508 Alium
1171 4464 1246 4508 vero
1268 4442 1561 4530 interpretationem
1583 4441 1677 4506 effert
1698 4440 1861 4518 Dziutnlro‚
1885 4464 1986 4527 quum

278 4562 323 4649 (p.
350 4562 428 4646 100)
449 4564 555 4630 vertit:
579 4563 660 4649 ›(ich
684 4565 817 4654 spreobe
840 4588 876 4632 so
898 4590 938 4633 nu
960 4566 1024 4651 dir)
1046 4567 1105 4633 vie
1128 4589 1221 4632 wenn
1243 4566 1294 4631 dir
1316 4566 1371 4632 dss
1394 4564 1477 4632 Geld
1499 4564 1598 4631 sebon
1619 4565 1781 4652 irgendvvo
1803 4564 1987 4653 sufgezthlt

278 4696 362 4752 vtro
386 4722 428 4734 -
451 4711 486 4753 so
508 4688 610 4754 sicher
632 4689 675 4755 ist
698 4713 731 4756 es
754 4689 806 4756 dir
828 4727 882 4769 -‚
905 4714 997 4757 wenn
1021 4691 1066 4757 du
1087 4714 1149 4757 nur
1170 4691 1241 4757 dem
1265 4691 1305 4756 da
1327 4688 1503 4755 vvillfsbren
1526 4688 1688 4755 volites.
1734 4689 1875 4769 Quorum
1889 4689 1986 4755 iuter·

280 4811 490 4898 preteticnum
517 4824 624 4879 temen
651 4814 771 4880 nullom
798 4814 949 4881 Dnistnko
976 4815 1170 4904 probandam
1198 4826 1315 4893 censet,
1344 4836 1440 4901 quere
1470 4812 1624 4879 hocloco
1648 4813 1724 4878 dum
1747 4813 1821 4878 linis
1844 4813 1988 4881 cbuiturs

279 4933 450 5020 legendum
472 4959 538 5003 esse
560 4937 732 5003 existimat.
