4530 5776
262 618 399 706 anper
429 574 620 705 (perfeetum
646 586 824 701 indieativi)
846 628 1027 705 ustarpetur,
1050 614 1166 681 deinde
1189 613 1273 701 quod
1296 614 1367 680 duae
1389 614 1626 681 enunciationes
1648 626 1760 702 praeter
1780 613 1981 680 eonsuetudi-

273 764 347 809 nem
369 763 427 829 por
449 752 485 805 ιιι
508 776 554 797 -ι
574 743 682 824 eodem
704 742 833 807 voculas
854 743 937 807 inter
958 763 993 806 se
1014 752 1243 828 oompnrentur,
1265 761 1361 826 quem
1374 740 1641 827 eomparetionem
1656 751 1712 804 eut
1727 760 1784 826 per
1798 750 1892 822 ιιι,-
1907 740 1983 805 item

159 897 163 902 ·
242 865 444 955 psi-timisa
474 877 534 931 aut
562 888 619 951 per
645 865 772 952 qualem
799 901 842 915 ·-
871 867 979 930 eodem
1006 864 1132 930 voculae
1160 862 1296 950 exprimi
1322 885 1412 950 posse
1439 885 1533 928 nemo
1560 886 1624 928 non
1650 863 1785 948 ignorat.
1835 861 1890 927 lix
1918 884 1982 947 quo

274 953 434 1078 exemplo
446 982 541 1096 fadle
563 989 754 1075 intelligitur
776 1001 811 1054 ιιι
834 989 1023 1077 particulam
1045 1010 1283 1074 nonnumquam
1304 986 1414 1053 eadem
1436 988 1485 1052 uti
1503 987 1635 1051 notione
1649 999 1743 1072 atque
1758 985 1874 1072 qualia,
1889 986 1982 1071 eujus

215 1170 230 1181 .
275 1136 350 1181 usus
379 1136 457 1179 mox
483 1097 567 1179 iniri
592 1113 656 1178 duo
683 1115 746 1179 alia
767 1115 914 1202 exempla
935 1113 1117 1179 afferentur.
1160 1110 1363 1199 'Quamquam
1386 1110 1487 1198 igitur
1508 1132 1665 1198 nusquam
1688 1108 1772 1198 apud
1795 1109 1981 1175 Terentium

275 1237 343 1304 illa·
361 1237 525 1326 particulae
546 1240 595 1317 (nt
611 1272 653 1285 -
669 1240 792 1317 eodem)
807 1239 867 1303 nisi
883 1237 942 1302 hoe
955 1237 1024 1302 loeo
1038 1237 1120 1302 inter
1134 1258 1168 1301 se
1185 1235 1381 1322 respondent,
1397 1247 1505 1300 tamen
1519 1233 1807 1314 Fleckeisenillam
1822 1254 1983 1321 eompara-

275 1362 398 1429 tionem
417 1364 468 1442 (ιιι
490 1397 528 1409 -
557 1363 703 1442 eundem)
727 1385 785 1450 per
807 1363 1022 1446 conjecturam
1045 1384 1110 1429 uno
1131 1361 1200 1425 loeo
1224 1359 1393 1451 legendam
1408 1372 1519 1424 censet
1534 1359 1634 1423 Andr.
1652 1358 1717 1423 996
1734 1381 1781 1423 me
1796 1361 1981 1446 repperisse,

275 1497 310 1551 ιιι
333 1485 460 1551 babitus
481 1487 614 1551 anetae
630 1486 689 1573 fni
711 1487 780 1563 tibi,
802 1488 932 1551 eundem
957 1495 1041 1550 tuorn
1066 1487 1217 1559 oninium.

408 1628 443 1710 4)
470 1626 546 1693 Post
568 1629 708 1714 proinde
735 1663 777 1674 -
807 1640 842 1691 ut
870 1627 1031 1714 particule
1057 1626 1140 1691 inter
1167 1647 1200 1690 se
1228 1624 1428 1713 respondent.
1479 1623 1518 1688 In
1541 1635 1675 1710 unoque
1698 1622 1840 1688 membro
1862 1620 1982 1711 legitur

277 1750 467 1816 indieativus
495 1751 597 1816 futuri
625 1750 704 1816 Hec.
734 1752 798 1816 218
822 1753 891 1816 ideo
915 1754 991 1837 qnia
1016 1753 1063 1814 nti
1086 1752 1173 1815 domi
1195 1772 1248 1814 voa
1270 1752 1316 1812 mi
1338 1751 1434 1827 aritia,
1454 1750 1595 1836 proinde
1618 1771 1673 1834 epo
1698 1771 1750 1813 ero
1775 1748 1866 1827 foma
1883 1748 1982 1835 foris,

278 1875 362 1963 quod
389 1876 571 1963 exemplum
595 1876 735 1942 Thomas
762 1889 851 1941 reete
874 1877 1099 1962 interpretatur
1122 1873 1184 1939 hoe
1207 1874 1316 1940 modo:
1364 1872 1513 1938 ›Suivant
1536 1896 1597 1960 que
1620 1895 1700 1937 vous
1719 1894 1797 1936 vous
1817 1872 1983 1937 eonduisez

277 1999 354 2066 bien
378 2023 419 2065 ou
442 2000 507 2065 mal
530 1999 607 2064 eben
630 2024 718 2078 vous,
739 2001 773 2085 je
796 2001 861 2064 auis
884 2000 962 2065 dans
985 1999 1014 2063 le
1038 1998 1153 2063 monde
1176 2021 1215 2063 en
1237 1997 1302 2062 bon
1325 2021 1365 2062 ou
1383 2018 1422 2062 en
1439 1998 1579 2062 mauvais
1594 2019 1713 2061 renom.
1768 1996 1820 2073 Ut,
1831 1997 1983 2084 proinde,

277 2125 331 2202 ito,
354 2127 401 2188 aio
423 2136 478 2189 ete.
500 2125 613 2210 jouent
635 2125 699 2190 tres
723 2135 856 2189 souvent
878 2124 908 2188 le
930 2124 997 2188 rble
1020 2123 1059 2188 de
1082 2122 1239 2210 predicate
1262 2144 1339 2186 aveo
1362 2144 1438 2186 eene:
1458 2133 1494 2184 ιιι
1509 2123 1606 2198 eritis,
1619 2122 1759 2207 proinde
1773 2143 1826 2185 ero
1842 2148 1884 2174 =
1900 2142 1982 2206 qua-

279 2247 320 2313 les
345 2250 441 2326 eritis,
466 2249 539 2313 tolia
563 2271 639 2314 ero».
686 2248 724 2313 In
749 2271 813 2336 quo
836 2248 983 2334 exemplo
1006 2245 1107 2333 igitur
1128 2259 1164 2310 nt
1179 2246 1335 2332 particula
1350 2269 1439 2334 paene
1454 2246 1537 2311 idem
1554 2244 1731 2332 significare
1746 2244 1873 2310 videtur
1887 2255 1982 2331 atque

278 2373 392 2459 qualia,
420 2395 488 2459 quae
515 2374 603 2438 notio
631 2372 728 2439 etiam
755 2373 790 2437 in
818 2395 856 2436 eo
884 2371 1033 2459 exemplo
1060 2372 1162 2436 inesse
1189 2346 1324 2449 videtur,
1353 2368 1438 2456 quod
1465 2368 1629 2435 invenitur
1657 2368 1772 2434 Heaut.
1796 2369 1862 2433 402
1885 2370 1982 2432 immo

275 2508 312 2561 ιιι
339 2508 467 2584 patrem
499 2508 586 2563 tuom
618 2499 686 2562 nidi
712 2519 776 2562 esee
802 2496 956 2572 hobitum,
985 2497 1041 2559 diu
1069 2498 1163 2559 etiarn
1192 2495 1301 2559 turbae
1330 2495 1429 2571 dabit,
1456 2494 1579 2578 inquo
1606 2493 1753 2580 exemplo
1780 2490 1922 2578 Wagner
1948 2503 1983 2555 at

276 2619 374 2686 latine
402 2620 528 2707 qualern
555 2621 790 2707 interpretetur.
840 2619 962 2685 Eadem
990 2642 1066 2684 vero
1093 2619 1223 2683 notione
1251 2630 1287 2682 ιιι
1310 2618 1497 2705 particulam
1520 2617 1617 2682 etiam
1644 2616 1725 2681 Hee.
1756 2616 1820 2681 544
1847 2616 1895 2681 uti
1916 2617 1983 2702 jam

276 2751 374 2830 snpra
398 2743 477 2806 dixi.
563 2768 596 2837 ⁸.

411 2865 447 2946 5)
476 2866 560 2930 Tum
587 2868 720 2953 perinde
747 2902 789 2914 -
818 2879 853 2931 ut
881 2867 1043 2953 particule
1070 2867 1154 2932 inter
1176 2889 1211 2930 se
1233 2865 1436 2953 respondent.
1483 2865 1522 2930 ln
1544 2877 1679 2950 utroque
1703 2864 1846 2931 membro
1868 2864 1985 2950 legitur

276 2988 467 3054 indicativus
495 2991 657 3078 presentis
679 2989 795 3056 Heaut.
822 2992 884 3055 195
909 3004 1000 3078 etque
1023 2992 1088 3055 ltoeo
1105 2993 1242 3078 perinde
1263 3003 1335 3056 anat
1357 3002 1393 3053 at
1415 2989 1517 3054 illinet
1539 2991 1673 3066 animae,
1697 2991 1753 3075 pai
1775 3010 1812 3052 ea
1829 2990 1983 3075 possidet,

276 3113 381 3199 qualia
407 3113 563 3201 exempla,
591 3115 626 3179 in
654 3115 769 3201 quibus
792 3117 930 3201 perinde
954 3151 992 3162 —
1017 3128 1053 3179 nt
1076 3115 1237 3203 particulae
1258 3115 1341 3180 inter
1363 3136 1396 3179 se
1418 3112 1615 3201 respondent,
1641 3112 1781 3199 Wagner
1802 3112 1894 3177 affert
1916 3111 1982 3176 cte.

277 3236 342 3303 Off.
367 3237 427 3316 lli,
451 3237 505 3316 33,
530 3239 583 3302 21.
630 3237 705 3302 Sall.
728 3239 806 3325 dug.
830 3242 861 3302 4.

411 3361 446 3442 6)
470 3359 634 3426 Postremo
657 3364 737 3427 adeo
751 3368 803 3408 '-
827 3375 862 3426 nt
885 3362 1046 3450 particulae
1069 3361 1151 3426 inter
1172 3384 1207 3427 se
1229 3360 1428 3449 respondent.
1467 3359 1504 3425 ln
1520 3359 1651 3425 relativo
1667 3357 1810 3424 membro
1823 3357 1984 3424 invenitur

275 3483 467 3549 indioativus
490 3487 660 3571 praesentis.
707 3486 809 3550 Andr.
835 3487 898 3550 245
922 3488 1023 3551 adeon
1047 3486 1201 3551 bominem
1224 3508 1287 3550 ease
1309 3488 1504 3550 inoennetnrn
1528 3495 1584 3548 ant
1605 3483 1767 3570 infelicem
1787 3505 1983 3569 qaenrqnam,

276 3619 312 3671 ιιι
335 3630 392 3695 epo
414 3631 493 3673 eum.

411 3731 497 3797 Adn.
556 3732 609 3797 Ad
644 3734 791 3822 exempla
816 3740 950 3812 transeo,
979 3734 1013 3798 in
1041 3733 1156 3819 quibus
1183 3744 1219 3796 ιιι
1246 3732 1401 3819 porticula
1428 3752 1502 3797 oum
1529 3729 1691 3795 adverbiis
1716 3729 1982 3808 demonstrativis,

275 3856 383 3942 qualia
405 3870 479 3922 sunt
500 3861 559 3935 ite,
582 3861 668 3934 item,
692 3861 813 3935 itidem,
836 3859 1009 3943 conjuncta
1031 3871 1102 3922 ante
1125 3858 1364 3942 conjunctiones
1379 3854 1609 3920 conditionales
1625 3853 1676 3918 vel
1691 3853 1879 3940 temporales
1895 3854 1982 3940 poni·

276 3992 339 4045 tur.
386 3979 528 4046 Primum
553 3983 664 4046 itidem
686 3994 721 4045 nt
744 3982 904 4069 partioulae
925 3996 998 4048 ante
1019 3985 1049 4046 ai
1071 3983 1325 4067 conjunctionem
1349 3993 1519 4068 ponuntur,
1543 3979 1588 4043 ita
1610 3990 1648 4042 ut
1661 3977 1842 4043 enuncietio
1858 4000 1914 4064 per
1929 3981 1981 4043 iti·

278 4106 348 4169 dem
370 4116 406 4169 ιιι
429 4140 471 4152 -
494 4109 523 4170 ai
546 4107 714 4192 particulas
737 4107 885 4172 efferatur
908 4107 1034 4171 Phorm.
1059 4107 1124 4171 408
1148 4129 1192 4192 sq.
1217 4108 1323 4193 potine
1348 4141 1388 4150 —
1414 4126 1509 4190 qnam
1533 4114 1562 4168 te
1585 4103 1716 4167 audiam
1731 4103 1841 4167 itidem
1856 4114 1892 4167 ιιι
1908 4125 1984 4188 eop-

278 4239 355 4293 nata
377 4232 406 4293 ei
427 4233 479 4306 ait,
503 4232 539 4294 id
561 4233 647 4315 qaod
670 4229 721 4293 len
736 4231 829 4315 jabet
851 4233 935 4294 dotin
958 4233 1045 4308 dure,
1069 4230 1303 4305 abduce-done,
1327 4230 1360 4294 in
1375 4251 1438 4314 qua
1453 4227 1578 4292 dioendi
1593 4227 1716 4291 ratione
1732 4225 1985 4313 breviloquentia

274 4353 419 4438 quedam
441 4354 543 4417 inesse
565 4353 700 4432 videtur,
724 4376 795 4439 que
816 4355 919 4418 neseio
942 4378 981 4419 an
1004 4353 1065 4419 hoo
1088 4355 1183 4420 modo
1205 4352 1358 4441 explicari
1381 4352 1492 4438 possit:
1517 4351 1628 4415 itidem
1643 4361 1679 4414 ιιι
1695 4351 1772 4414 dore
1788 4349 1891 4426 velim,
1908 4372 1984 4436 oop-

275 4488 354 4540 ιιαια
379 4479 409 4540 ai
434 4478 486 4541 ait.
537 4477 660 4542 Deinde
687 4478 800 4543 eodem
828 4479 895 4542 sere
918 4478 1011 4543 modo
1032 4482 1080 4542 ita
1102 4491 1138 4543 at
1160 4478 1320 4565 particula
1342 4499 1415 4541 oum
1437 4479 1466 4540 ai
1488 4474 1710 4559 eonjunetione
1734 4474 1983 4558 conjunguntur,

275 4621 339 4684 quo
367 4599 414 4677 fle,
443 4613 480 4665 ut
506 4601 687 4666 enunciatio
715 4624 771 4689 per
793 4605 840 4667 ιἰιι
862 4613 898 4666 ιιι
920 4637 963 4649 -
986 4605 1015 4667 ai
1036 4602 1206 4689 particulas
1229 4603 1380 4666 efferatur
1402 4600 1486 4665 Eun.
1513 4599 1575 4662 116
1599 4600 1694 4684 erepit
1715 4598 1855 4662 etedioae
1877 4602 1985 4663 omnio

277 4725 397 4801 dooere,
425 4727 556 4790 educere
582 4728 629 4789 ita
655 4728 704 4789 ati
729 4729 758 4791 ai
785 4738 860 4790 eeaet
883 4726 970 4815 filio,
997 4726 1031 4789 id
1058 4726 1144 4811 quod
1172 4727 1311 4791 breviter
1335 4725 1459 4790 dietum
1481 4723 1589 4788 neseio
1617 4745 1658 4785 an
1680 4721 1806 4809 planius
1828 4721 1982 4808 explicari

275 4847 374 4933 possit
400 4846 462 4911 boe
488 4848 596 4913 modo:
625 4852 673 4913 ita
699 4850 749 4914 nti
776 4851 911 4926 doceret,
934 4852 963 4913 ei
986 4861 1061 4914 emet
1079 4849 1166 4937 filio.
1213 4850 1374 4913 Postremo
1396 4851 1471 4912 item
1492 4844 1712 4933 neperticulae
1734 4867 1806 4911 oum
1829 4845 1886 4909 abi
1908 4869 1983 4910 oon·

272 4969 437 5052 junctione
463 4972 711 5057 conjunguntur,
734 4972 779 5036 ita
801 4985 839 5036 ut
860 4973 1042 5037 enuntiatio
1064 4996 1121 5059 per
1142 4976 1216 5039 item
1240 4984 1275 5036 at
1299 5007 1341 5019 ·—
1364 4972 1421 5035 obi
1443 4969 1569 5035 voculas
1591 4968 1742 5033 efferatur
1766 4967 1892 5033 Pborm.
1916 4971 1982 5034 413
