4530 5776
1919 410 1938 482 9

275 600 458 692 accipienda
483 616 542 682 ast,
568 597 604 669 in
626 597 846 669 enunciatione
876 595 1061 667 secundaria
1087 596 1231 689 sequitur
1253 597 1473 684 conjunctivus
1494 597 1674 686 imperfecti
1696 599 1928 684 (proeopturas),
1952 597 1984 662 id

272 728 363 814 quod
386 728 426 794 ab
448 727 565 793 udtata
586 726 626 792 de
649 738 827 813 temporum
849 723 1068 790 consecutione
1089 724 1199 810 regola
1221 723 1389 788 abhorrere
1412 723 1547 788 videtur.

413 851 501 917 Ado.
534 852 561 916 1.
609 850 658 914 De
684 851 725 915 iis
752 849 917 937 exemplis,
946 871 1016 936 quae
1042 847 1137 913 allata
1162 860 1246 924 suot,
1275 870 1375 934 pauca
1401 847 1526 912 addam.
1573 845 1646 910 Uno
1668 856 1775 911 autem
1796 845 1867 910 loco
1889 867 1985 931 quom

279 975 433 1063 porticula
459 973 498 1039 ad
527 976 631 1039 minua
657 972 841 1039 adverbium
869 974 1005 1038 refertur
1028 971 1105 1036 Hec.
1131 973 1195 1036 729
1219 973 1428 1036 videndumst
1450 994 1490 1035 us
1512 973 1615 1035 minue
1639 972 1867 1056 -impetrem
1891 992 1986 1055 quam

274 1101 421 1185 persicus,
445 1120 508 1184 quo
530 1097 564 1161 in
587 1098 735 1185 exemplo
758 1096 982 1184 conjunctivus
1004 1118 1061 1183 per
1084 1095 1171 1160 modi
1194 1095 1422 1173 attractionem,
1443 1118 1538 1181 quam
1554 1106 1676 1172 vocant,
1692 1092 1835 1158 adhiberi
1851 1092 1986 1157 videtur.

277 1221 315 1286 ln
348 1221 460 1287 ceteris
494 1233 600 1287 autem
636 1221 803 1308 exemplis,
832 1221 867 1285 in
890 1220 1006 1307 quibus
1029 1219 1265 1285 enunciationes
1288 1219 1470 1306 perpetius
1494 1241 1589 1304 quom
1610 1216 1780 1304 particulae
1800 1216 1987 1294 efferuntur,

277 1368 340 1431 qua
361 1344 490 1410 dicendi
511 1344 633 1410 ratione
655 1346 785 1411 alteram
807 1367 874 1408 rem
899 1343 1049 1431 praeferri,
1074 1342 1202 1408 alteram
1225 1342 1371 1430 postponi
1392 1341 1559 1419 indicatur,
1583 1341 1645 1407 alia
1664 1364 1730 1406 csse
1750 1341 1876 1405 videtur
1896 1363 1989 1405 causa

278 1467 486 1553 conjunctivi.
533 1467 616 1532 Nam
645 1469 772 1554 siquis
798 1467 870 1535 illas
896 1466 1136 1533 enuntiationes
1164 1466 1341 1554 perlegerit,
1363 1467 1497 1553 reperiet
1519 1489 1588 1551 quae
1611 1466 1645 1530 in
1667 1465 1707 1529 iis
1726 1465 1894 1530 enunciata
1913 1465 1987 1542 sint,

276 1590 355 1656 ficta
387 1604 420 1656 ct
454 1615 472 1656 a
506 1591 639 1657 veritate
672 1604 793 1657 remota
827 1614 905 1668 esse,
939 1591 986 1656 ita
1020 1603 1056 1655 ut
1090 1612 1148 1677 per
1182 1612 1233 1657 eas
1269 1589 1428 1675 indicetur
1463 1589 1591 1675 aliquid,
1626 1588 1711 1675 quod
1744 1612 1810 1653 non
1844 1587 1900 1653 fiat
1933 1601 1989 1654 aut

280 1713 347 1779 fieri
374 1737 436 1779 non
464 1715 573 1802 possit.
627 1714 718 1794 Quod
745 1714 839 1801 quale
867 1715 918 1793 sit,
946 1737 984 1779 ea
1010 1713 1166 1802 praecipue
1189 1713 1336 1800 exempla
1359 1712 1485 1790 docent,
1509 1735 1645 1799 quorum
1668 1712 1701 1777 in
1723 1711 1827 1799 priore
1849 1713 1990 1778 membro

280 1837 397 1924 legitur
424 1837 606 1925 perfectum
633 1838 834 1916 historicum,
863 1851 900 1903 ut
928 1836 1030 1902 Andr.
1060 1838 1124 1903 797
1155 1861 1225 1924 quse
1253 1859 1316 1902 reae
1343 1836 1501 1902 inhoneste
1528 1839 1650 1923 opterit
1674 1858 1791 1923 parere
1813 1836 1865 1902 tte
1892 1838 1990 1900 ditias

275 1964 387 2048 potiar
414 1985 511 2048 quam
538 1965 573 2026 in
597 1964 711 2050 patria
740 1963 866 2027 lroneste
886 1986 1017 2049 pauper
1042 1965 1169 2038 uiueret,
1196 1963 1288 2047 cujus
1313 1960 1452 2047 exempli
1480 1961 1529 2025 vis
1556 1972 1652 2046 atque
1678 1959 1833 2026 sententia
1859 1960 1991 2024 fortasse

282 2085 436 2171 explicari
459 2096 566 2172 potest
588 2084 648 2150 hoc
671 2085 782 2150 modo:
807 2108 879 2171 qua
892 2108 957 2151 reae
972 2086 1132 2150 inhoneste
1148 2088 1271 2172 optarit
1282 2106 1399 2172 parere
1414 2083 1465 2149 lic
1481 2085 1589 2160 ditias,
1604 2106 1678 2147 nam
1695 2086 1729 2148 iu
1743 2086 1853 2170 patria
1868 2084 1993 2149 bonate

278 2230 406 2297 pauper
427 2210 531 2273 cicere
554 2209 665 2273 noluit.
711 2209 764 2274 Ex
787 2232 851 2296 quo
872 2209 967 2275 facile
988 2209 1182 2295 intelligitur
1203 2208 1238 2273 in
1260 2207 1483 2273 enunciatione
1505 2229 1564 2293 per
1587 2230 1683 2292 quam
1706 2207 1891 2294 particulam
1910 2207 1993 2272 elata

270 2331 463 2417 ¹negativam
494 2332 559 2397 vim
587 2333 698 2397 inesse.
749 2331 826 2413 Quae
855 2355 954 2421 quum
982 2332 1028 2397 ita
1054 2332 1129 2409 sint,
1153 2333 1228 2397 satis
1250 2353 1351 2396 causae
1373 2353 1440 2396 case
1462 2329 1599 2408 videtur,
1622 2354 1680 2395 cur
1702 2330 1921 2416 conjunctivus
1943 2330 1992 2395 his

282 2453 316 2519 in
339 2454 493 2542 exemplis
515 2454 711 2521 adhibeatur.
758 2454 807 2521 De
830 2479 893 2543 quo
916 2479 975 2521 usu
998 2456 1130 2542 Madvig
1151 2455 1219 2520 haec
1243 2454 1335 2520 docet
1348 2455 1385 2535 ¹):
1431 2453 1536 2519 Wenn
1560 2466 1643 2532 ante,
1667 2457 1769 2531 citius,
1785 2458 1992 2541 priusquam

280 2576 456 2663 gebraucht
478 2577 567 2657 vird,
592 2602 646 2644 um
669 2578 725 2644 das
751 2578 960 2665 Unmttglichc
985 2579 1062 2644 oder
1085 2579 1140 2643 das
1164 2602 1218 2643 um
1238 2578 1336 2664 jeden
1356 2577 1444 2642 Preis
1461 2575 1721 2642 Abzuwehrende
1736 2601 1776 2642 au
1791 2577 1991 2655 bezeichnen,

283 2723 319 2765 so
345 2701 429 2787 folgt
456 2701 512 2766 dar
540 2701 735 2787 Conjuuctiv
763 2703 817 2784 (da
844 2702 896 2767 die
923 2702 1099 2788 Handlung
1129 2703 1175 2769 als
1201 2701 1293 2767 nicht
1319 2700 1522 2788 geschehend
1550 2701 1687 2787 gedacht
1713 2700 1817 2783 wind).
1867 2701 1994 2767 Elbeuso

286 2822 367 2887 nach
386 2827 627 2910 potiusquam.

298 2992 301 2997 -
341 2988 343 2992 ι
420 2947 507 3012 Ado.
533 2949 563 3011 2.
610 2946 649 3012 In
665 2970 730 3012 uno
745 2959 852 3013 autem
867 2948 1015 3036 exemplo
1030 2948 1251 3034 conjunctivus
1266 2946 1388 3013 duabus
1403 2946 1579 3013 rationibus
1594 2947 1745 3035 explicari
1759 2970 1852 3036 posse
1867 2948 1995 3014 videtur

287 3067 402 3135 Heaut.
433 3070 497 3135 928
529 3073 626 3135 immo
654 3072 746 3136 abeat
773 3073 881 3158 potius
907 3071 993 3137 naulo
1022 3074 1133 3158 quovis
1159 3073 1300 3158 pontium
1327 3095 1422 3157 quam
1446 3071 1497 3136 laic
1513 3095 1577 3158 per
1593 3073 1760 3160 flagitium
1783 3075 1828 3137 ud
1849 3075 1993 3159 inopiam

285 3194 411 3278 radipat
434 3203 574 3282 patrem,
605 3193 661 3259 ubi
686 3195 908 3281 conjunctivus
931 3197 1086 3283 (redipat)
1109 3208 1164 3260 aut
1185 3196 1226 3261 ab
1247 3196 1406 3260 locutione
1429 3195 1485 3260 illa
1507 3196 1758 3281 (potiusquam)
1781 3207 1837 3262 aut
1858 3195 1898 3261 ab
1920 3220 1993 3261 con·

284 3316 451 3401 junctione
472 3320 547 3396 (ut),
572 3340 642 3404 quae
664 3330 772 3384 mente
795 3318 940 3383 addenda
961 3331 1019 3398 est,
1043 3319 1182 3407 pendere
1205 3320 1341 3397 videtur,
1365 3342 1464 3407 quum
1484 3318 1616 3383 verbum
1631 3318 1745 3398 (malo)
1760 3341 1832 3384 cum
1847 3321 1995 3405 conjunc·

287 3440 355 3503 tivo
378 3441 531 3526 conjungi
553 3440 651 3505 soleat
672 3442 894 3526 conjunctione
917 3455 952 3508 ut
975 3443 1098 3508 omissa.
1138 3443 1208 3508 Hoc
1228 3455 1336 3508 autem
1351 3444 1421 3508 loco
1438 3465 1537 3529 quum
1553 3465 1612 3529 pro
1628 3441 1787 3507 locutione
1802 3442 1861 3508 illa
1875 3446 1996 3530 (potiar

288 3564 399 3648 quam)
421 3585 659 3649 nonnumquam
678 3567 905 3660 potiusquam
927 3578 963 3631 ut
985 3568 1128 3654 usurpari
1150 3590 1242 3654 posse
1265 3567 1465 3632 notissimum
1489 3568 1540 3644 sit,
1555 3589 1618 3630 non
1634 3566 1772 3631 alienum
1789 3588 1856 3631 csse
1871 3567 1997 3632 videtur

288 3686 536 3753 animadvertere
559 3686 646 3752 illius
669 3687 842 3754 locutionis
859 3691 984 3777 (potius
1006 3713 1102 3777 quam
1125 3691 1172 3772 ut)
1194 3689 1279 3777 apud
1302 3689 1489 3754 Terentium
1509 3690 1635 3754 nullum
1650 3689 1786 3776 inveniri
1800 3691 1995 3777 exemplum.

424 3810 510 3875 Adn.
535 3811 565 3874 3.
613 3810 719 3891 Quum
741 3835 837 3900 quam
859 3813 1013 3900 particula
1035 3814 1075 3877 ad
1098 3813 1348 3901 comparativum
1370 3813 1514 3891 refertur,
1537 3813 1700 3878 interdum
1723 3813 1775 3891 fit,
1796 3826 1834 3877 ut
1849 3815 1898 3878 vis
1912 3815 1998 3879 illius

289 3933 495 4020 comparativi
517 3936 628 4022 augeri
650 3935 797 4002 videatur
819 3935 928 4003 addita
943 3936 1004 4001 alia
1019 3937 1144 4014 vocula,
1160 3960 1229 4023 quae
1244 3936 1489 4024 comparativam
1505 3937 1601 4002 babet
1616 3936 1888 4023 significationem,
1905 3939 1998 4024 cujus

292 4077 367 4122 usus
395 4057 459 4122 duo
486 4058 693 4155 inveniuntur
720 4060 868 4147 exempla
895 4059 1010 4125 Heaut.
1041 4060 1105 4125 928
1133 4062 1230 4125 immo
1257 4061 1349 4125 obeat
1367 4064 1479 4147 potius
1501 4061 1587 4125 mulo
1610 4064 1720 4146 quovis
1740 4064 1881 4148 petatium
1903 4085 1998 4148 quam

292 4179 344 4244 ltic
366 4203 429 4267 per
448 4180 616 4270 stapitium
644 4184 687 4247 ad
714 4186 859 4271 inopiam
887 4184 1013 4268 redipat
1035 4195 1175 4270 patrem,
1203 4184 1237 4248 io
1261 4206 1325 4270 quo
1349 4184 1497 4271 exemplo
1519 4185 1730 4272 comparativa
1752 4186 1849 4262 notio,
1873 4209 1943 4271 quar
1965 4185 1998 4250 in

291 4303 389 4368 verbo
411 4304 525 4383 (rualo)
547 4305 639 4384 inest,
663 4317 798 4392 augetur
819 4305 969 4371 adverbio
987 4309 1100 4393 potius
1115 4307 1233 4372 addito.
1273 4305 1350 4372 Hec.
1369 4308 1433 4372 532
1450 4329 1496 4395 sq.
1514 4310 1615 4373 adeon
1625 4312 1788 4395 pervicaci
1804 4332 1865 4373 erse
1880 4313 1998 4386 cauno,

290 4438 326 4491 ut
343 4451 481 4515 puerum
500 4440 699 4516 praeoptares
716 4432 827 4516 perire
850 4464 892 4475 -
911 4433 1022 4516 potiar
1045 4453 1139 4516 quam
1163 4432 1333 4496 advorsum
1356 4434 1457 4495 animi
1480 4435 1528 4495 tui
1551 4432 1724 4497 lubidinem
1748 4444 1823 4498 esset
1848 4457 1917 4498 cum
1940 4433 1999 4498 iilo

291 4563 403 4638 raupta,
425 4552 460 4616 in
484 4574 548 4639 quo
572 4552 719 4639 exemplo
738 4555 849 4639 potius
872 4552 1055 4618 adverbium
1078 4568 1248 4641 usurpatur
1271 4568 1344 4642 post
1366 4554 1498 4620 verbum
1521 4559 1752 4643 (preceptores),
1776 4556 1892 4642 inquo
1915 4580 1999 4621 com·

292 4675 434 4761 putativa
455 4675 542 4740 notio
565 4674 667 4740 inesse
690 4675 828 4752 videtur,

429 4954 452 5020 ι)
470 4953 587 5022 uuaz,
606 4954 777 5009 morumne
795 4932 983 5025 apellatum,
1002 4955 1220 5025 annuntiet,
1240 4957 1318 5022 1844,
1337 4974 1363 5026 p.
1381 4958 1443 5012 aar.
