4530 5776
1897 445 1938 510 19

231 707 237 719 .
411 622 442 703 c)
464 620 503 686 In
525 620 628 733 priore
651 612 793 687 membro
812 603 981 708 usurpatur
1002 619 1190 685 indicativus
1213 568 1359 706 perfecti:
1406 619 1487 684 Hec.
1514 620 1576 684 158
1600 622 1653 684 sed
1672 631 1706 683 ut
1716 621 1770 707 fit,
1787 655 1828 667 -
1845 619 1984 706 malique

277 782 319 794 -
343 746 436 833 saeta
458 745 565 811 ilioost.
612 745 712 817 Andr.
735 745 803 809 445
824 746 904 808 coeit
928 778 970 792 -
993 754 1029 807 ut
1050 743 1290 842 virumlfortem
1313 744 1404 807 decet
1447 743 1531 808 Eun.
1556 744 1599 808 98
1621 745 1721 820 credo,
1742 755 1777 806 ut
1795 745 1848 831 fit,
1870 745 1984 808 naieere
2076 792 2080 799 -

271 891 346 958 pre
357 892 473 934 emon
494 869 651 935 mlestus·
673 869 753 933 luae
769 869 874 956 sorae.
910 867 1103 933 llnunciatio
1118 878 1226 932 autem
1242 865 1455 954 comparativa
1471 867 1510 932 ad
1524 867 1720 967 infinitivum
1735 867 1867 954 perfecti
1883 866 1983 933 refer·

180 1063 183 1067 ,
277 1007 329 1060 tur
352 994 468 1059 Heaut
494 994 559 1058 528
582 995 640 1057 eer'a
662 1015 725 1058 esee
742 993 867 1080 foetum
889 1004 925 1056 ιιι
948 993 1025 1056 dieo.

332 1108 335 1112 ⁵
415 1116 503 1182 Adn.
555 1117 799 1203 Nonnumquam
835 1116 905 1181 duoe
933 1116 1016 1181 inter
1042 1138 1074 1180 ee
1098 1115 1264 1181 dissimiles
1291 1115 1542 1180 constructiones
1566 1115 1600 1179 in
1628 1137 1723 1180 unam
1750 1117 1888 1181 confusae
1916 1140 1984 1181 esse

277 1242 436 1320 videntur,
459 1241 552 1326 cujus
574 1263 649 1305 usus
672 1241 855 1327 exemplum
878 1240 1040 1305 invenitur
1063 1238 1203 1326 Adelph.
1229 1240 1292 1303 648
1316 1250 1353 1302 ἰιι
1374 1240 1485 1325 opinor
1507 1239 1563 1302 hee
1585 1261 1646 1304 aon
1668 1262 1754 1304 nerse
1770 1251 1806 1317 te,
1822 1240 1878 1305 ubi
1894 1240 1983 1305 Bone

277 1363 353 1429 haro.
366 1362 510 1445 dooet²):
557 1364 617 1428 >Ut
638 1366 758 1450 opinor,
782 1363 865 1428 suivi
888 1343 929 1428 de
950 1360 1118 1440 l’infinitit
1140 1376 1188 1428 est
1210 1385 1274 1428 une
1297 1362 1484 1427 anacoluthe
1507 1363 1550 1427 du
1573 1364 1707 1450 langaga
1721 1363 1898 1452 populaire.
1937 1364 1984 1430 Ira

176 1532 204 1548 .-
277 1486 393 1574 phrase
420 1487 576 1574 regulidre
602 1488 646 1551 dn
675 1486 754 1551 latin
782 1498 892 1551 serant
914 1482 1033 1552 seraitz'
1073 1486 1113 1550 Ut
1136 1488 1256 1573 opinor,
1278 1509 1329 1551 eae
1352 1509 1412 1550 aon
1434 1488 1524 1562 noeti,
1544 1509 1586 1551 ou
1608 1487 1697 1552 bien:
1719 1489 1831 1574 opinor
1851 1508 1902 1551 eae
1924 1508 1985 1552 non

278 1633 364 1677 nosse
386 1622 436 1675 te».
482 1610 558 1689 Quoe
581 1611 849 1675 constructionum
872 1609 1014 1675 confusio
1036 1609 1197 1675 invenitur
1219 1611 1314 1675 etiam
1338 1609 1465 1674 Phorm.
1489 1610 1556 1674 480
1578 1622 1613 1674 ut
1628 1611 1714 1674 cibat
1728 1612 1767 1675 de
1780 1612 1845 1674 eiua
1859 1611 1984 1676 murillo
2077 1640 2083 1654 ·

222 1744 226 1749 ’
276 1756 341 1799 aare
364 1733 438 1798 celle
460 1733 569 1820 fecere
596 1735 680 1819 quod
706 1736 749 1798 od
776 1734 854 1797 hano
879 1744 945 1799 rem
966 1737 1082 1811 attinet,
1110 1733 1166 1798 ubi
1193 1734 1320 1799 Sloman
1348 1732 1416 1798 heo
1438 1733 1548 1798 docet:
1573 1733 1657 1799 »The
1680 1735 1943 1800 constructionis
1965 1759 1984 1799 a

277 1856 418 1922 mixture
443 1856 482 1922 ol
499 1868 535 1920 ut
556 1857 653 1935 albat,
675 1859 713 1922 de
734 1859 800 1921 eiua
822 1857 946 1922 coeuslio
968 1858 1035 1922 eolo
1052 1857 1169 1945 secere,
1191 1857 1253 1925 and
1276 1854 1363 1922 aibat
1386 1859 1424 1922 de
1445 1860 1510 1922 eius
1532 1857 1658 1923 coneilio
1678 1880 1740 1922 sese
1760 1858 1834 1923 uelle
1851 1858 1982 1944 fecere».

411 1982 447 2062 2)
468 1980 508 2045 In
529 1981 665 2047 relativo
687 1982 829 2046 membro
852 1993 1022 2068 usurpatur
1043 1981 1198 2046 futurum.

410 2105 442 2185 a)
466 2105 504 2169 In
528 2118 661 2192 utroque
684 2107 826 2170 membro
849 2106 967 2192 legitur
989 2105 1134 2170 futurum
1158 2105 1311 2193 primum:
1337 2105 1437 2170 Andr.
1462 2106 1526 2170 898
1547 2117 1582 2169 ut
1592 2118 1711 2192 potero,
1721 2106 1839 2193 feram.
1856 2105 2007 2172 Phorm-

279 2229 364 2293 1043
383 2226 484 2313 faciet
506 2240 541 2292 ut
563 2229 650 2294 voles.
697 2228 775 2294 Hoc.
802 2230 865 2293 764
889 2241 994 2294 nostre
1016 2241 1101 2294 utere
1123 2231 1272 2305 curiatio,
1294 2241 1329 2292 ut
1351 2228 1438 2292 voles.

409 2351 445 2433 b)
474 2352 512 2416 ln
539 2352 787 2418 demonstrativo
811 2331 951 2418 membro
973 2353 1135 2421 invenitur
1157 2354 1302 2418 futurum
1325 2353 1474 2441 primum,
1497 2353 1531 2417 in
1554 2352 1688 2417 relativo
1711 2365 1818 2418 autem
1842 2353 1983 2418 membro

276 2475 422 2541 futurum
444 2488 600 2542 exactum.
647 2477 731 2542 Ilun.
758 2478 820 2541 174
841 2478 978 2564 focium,
1002 2489 1037 2542 ut
1054 2479 1197 2563 jueeere'e.

411 2601 441 2681 c)
469 2600 507 2665 In
538 2601 784 2667 demonstrativo
812 2603 954 2668 membro
981 2601 1098 2687 legitur
1124 2602 1268 2666 futurum
1297 2613 1454 2678 exectum,
1483 2601 1516 2664 in
1544 2599 1679 2666 relativo
1706 2613 1812 2665 autom
1840 2599 1982 2664 membro

277 2720 424 2788 futurum
451 2724 604 2811 primum:
655 2724 757 2790 Andr.
787 2726 850 2789 997
880 2749 970 2811 quom
997 2728 1040 2789 ad
1066 2748 1136 2791 eum
1163 2737 1191 2791 te
1218 2724 1436 2810 adplicoeere'e,
1460 2725 1600 2789 studium
1626 2725 1736 2788 ariade
1762 2735 1797 2789 ut
1824 2726 1892 2801 en't,
1920 2736 2002 2791 tute-

277 2848 520 2914 aarum

411 2972 447 3052 3)
469 2971 508 3037 ln
530 2972 663 3039 relativo
686 2973 828 3038 membro
851 2971 1057 3038 inveniuntur
1080 2985 1226 3059 tempora
1248 2971 1414 3058 praeterita.

408 3095 442 3174 a)
469 3095 508 3160 In
540 3108 674 3182 utroque
700 3096 841 3162 membro
868 3108 1038 3184 usurpatur
1066 3096 1243 3183 perfectum
1272 3095 1470 3160 historicum:
1522 3094 1639 3159 Heaut.
1669 3097 1712 3160 99
1740 3118 1785 3181 sq.
1815 3098 1893 3183 cepi
1919 3120 1983 3162 noa

276 3214 465 3306 hammites]
485 3242 585 3306 aeque
611 3231 647 3285 at
673 3223 814 3285 animum
841 3222 946 3285 decuit
973 3255 1016 3266 -
1045 3231 1190 3284 tractore.
1241 3218 1370 3284 Phorm.
1400 3217 1463 3283 759
1492 3229 1528 3280 ιιι
1549 3221 1647 3304 potui
1672 3230 1807 3305 nuptum
1829 3222 1982 3305 oiryinem

277 3322 481 3409 tocavt'tuic
507 3343 710 3411 adulescenti.
761 3344 1007 3431 Nonnumquam
1034 3356 1139 3409 autem
1167 3344 1297 3408 verbum
1321 3341 1434 3431 prioris
1456 3342 1589 3407 membri
1611 3354 1666 3407 aut
1688 3343 1721 3409 in
1744 3342 1904 3409 infinitivo
1927 3357 1984 3411 aut

275 3463 312 3531 in
341 3466 549 3551 conjunctivo
575 3468 704 3554 ponitur
732 3467 832 3532 Andr.
864 3469 928 3532 996
956 3491 1004 3533 me
1026 3469 1188 3554 seperhae,
1212 3478 1247 3531 ut
1270 3466 1395 3533 habitus
1417 3467 1550 3532 antehac
1567 3467 1626 3552 sui
1649 3467 1718 3546 tibi,
1742 3469 1872 3533 medem
1895 3478 1982 3535 tuom

277 3590 428 3654 animum.
475 3589 601 3655 Phorm.
630 3592 693 3657 537
719 3594 776 3679 qui
797 3615 846 3657 me
869 3592 999 3667 dudum,
1023 3602 1058 3655 ιιι
1080 3592 1171 3668 dieti,
1195 3592 1334 3656 adiuerit
1357 3593 1494 3655 comiter.
1535 3601 1541 3613 ¹

411 3712 496 3779 Adn.
524 3717 551 3779 1.
599 3716 637 3781 ln
660 3714 908 3781 demonstrativo
931 3714 1072 3780 membro
1094 3714 1213 3800 legitur
1234 3713 1441 3800 imperativus
1463 3715 1625 3801 praesentis
1639 3713 1777 3801 Adelph.
1795 3714 1859 3779 706
1876 3727 1910 3779 tu
1920 3717 1982 3802 feo

276 3845 313 3899 ut
335 3835 415 3900 daei
460 3837 500 3901 ln
522 3837 768 3904 demonstrativo
790 3838 932 3905 membro
952 3838 1112 3903 invenitur
1134 3837 1279 3903 futurum
1301 3839 1440 3925 primum
1463 3836 1580 3903 Heaut.
1603 3838 1668 3901 402
1692 3840 1788 3903 immo
1808 3850 1843 3902 ut
1853 3851 1981 3926 patrem

279 3969 366 4025 tuom
391 3961 461 4025 eidi
487 3983 549 4026 esee
576 3961 730 4038 hobitum,
757 3964 814 4026 diu
842 3965 937 4028 etiam
965 3962 1074 4026 turbas
1102 3962 1202 4026 dabit.
1224 3961 1301 4026 ibid.
1327 3962 1391 4026 598
1415 3963 1530 4047 dicam,
1554 3984 1661 4026 ouum
1683 3973 1719 4025 ut
1741 3962 1834 4027 eliud
1855 3985 1893 4028 ee
1915 3963 1981 4029 ela'o

277 4084 400 4147 incidit.
445 4084 585 4172 Adelph.
614 4085 678 4150 513
707 4097 802 4171 etque
829 4097 863 4150 ut
891 4109 939 4151 ree
958 4097 1075 4171 yeetost
1097 4086 1236 4155 narrabo
1260 4087 1381 4161 ordine,
1404 4085 1438 4149 in
1460 4107 1524 4170 quo
1546 4085 1694 4171 exemplo
1715 4085 1805 4152 Beue
1829 4097 1865 4151 ut
1886 4088 1980 4174 parti-

275 4205 380 4271 culam
402 4228 460 4293 pro
482 4207 629 4273 adverbio
651 4209 879 4295 interrogativo
901 4209 1115 4297 accipiendam
1139 4221 1254 4274 censet.
1302 4209 1498 4294 Quamquam
1521 4207 1604 4295 apud
1623 4209 1759 4274 comicos
1772 4210 1981 4276 indicativum

275 4327 310 4395 in
333 4330 634 4417 interrogationibus
658 4332 795 4418 obliquis
817 4334 977 4398 interdum
999 4334 1143 4420 usurpari
1166 4355 1228 4398 non
1250 4333 1372 4419 ignoro,
1396 4345 1503 4398 tamen
1526 4332 1587 4398 hoc
1608 4333 1755 4420 exemplo
1779 4334 1895 4400 collato
1915 4358 1981 4402 non

276 4453 382 4519 solum
404 4477 477 4521 cum
497 4455 564 4533 illo,
587 4456 672 4542 quod
693 4457 760 4542 jam
784 4456 913 4538 (licant.
938 4457 1017 4540 598)
1036 4458 1167 4523 allatum
1182 4469 1239 4535 est,
1256 4457 1419 4522 sedetiam
1436 4479 1509 4522 cum
1524 4479 1572 4535 eo,
1590 4457 1673 4544 quod
1689 4458 1848 4525 invenitur
1864 4459 1979 4527 Hceut

278 4577 342 4640 702
365 4580 488 4665 (aperte
511 4582 558 4642 itu
580 4591 615 4643 ut
637 4603 686 4644 res
708 4603 772 4645 aeae
794 4580 886 4645 habet
909 4585 1055 4659 nemeto)
1079 4581 1267 4668 particulam
1289 4581 1377 4646 illam
1402 4581 1461 4645 hoc
1484 4581 1554 4646 loco
1578 4605 1635 4668 pro
1659 4583 1881 4668 conjunctione
1896 4607 1980 4651 com·

276 4700 429 4786 peratiae,
452 4724 515 4766 non
537 4725 594 4788 pro
616 4703 764 4768 adverbio
786 4704 1016 4790 interrogativo
1038 4704 1252 4790 accipiendam
1274 4726 1341 4770 eaae
1363 4727 1544 4791 persuasum
1567 4704 1680 4783 habeo,
1695 4706 1866 4793 praesertim
1882 4732 1981 4795 quum
2104 4766 2107 4771 .

411 4979 435 5049 ¹)
453 4982 486 5034 A.
505 4981 586 5048 Bone,
605 4983 730 5050 Terence,
749 4984 802 5038 les
819 4981 964 5055 Adelphos,
984 4982 1070 5049 Paris,
1089 4983 1167 5048 1887,
1185 4999 1212 5054 p.
1231 4983 1275 5038 56.
