4576 5784
1112 842 1187 916 lV.

647 1028 896 1156 conjunctioni
917 1071 952 1131 ut
973 1065 1185 1150 respondent
1206 1064 1371 1135 adverbia
1392 1067 1445 1139 sie,
1471 1067 1540 1131 tem
1563 1064 1645 1132 alla.

432 1243 464 1324 l)
486 1241 628 1308 Primum
651 1243 779 1330 quidem
801 1245 847 1308 sic
870 1280 912 1291 —
936 1257 971 1308 ut
994 1245 1157 1331 perticulae
1179 1245 1260 1310 inter
1283 1268 1315 1310 se
1338 1245 1536 1332 respondent

428 1366 458 1446 s)
486 1365 523 1429 In
551 1378 684 1452 utroque
712 1367 853 1432 membro
880 1368 998 1454 legitur
1022 1368 1214 1434 indicativus
1237 1368 1413 1456 praesentis:
1460 1367 1587 1432 Phorm.
1611 1369 1676 1431 479
1699 1368 1745 1431 εἰσ
1768 1367 1882 1431 babent
1901 1368 2000 1453 prin-

297 1491 383 1576 cipio
405 1511 468 1553 sese
490 1501 525 1552 ut
548 1491 631 1553 dieo.
677 1488 755 1554 Hec.
780 1491 844 1554 379
864 1492 1015 1579 profecto
1039 1492 1097 1557 boc
1118 1494 1164 1556 sic
1187 1502 1240 1568 est,
1264 1503 1300 1554 ut
1319 1503 1410 1578 puto.
1457 1491 1495 1555 In
1517 1491 1762 1556 demonstrativo
1777 1502 1885 1555 autem
1901 1512 2000 1554 ruem·

295 1610 351 1675 bro
374 1611 491 1697 legitur
511 1612 734 1697 conjunctivus
758 1612 927 1700 praesentis.
974 1614 1111 1703 Adelph.
1137 1615 1201 1680 398
1224 1617 1269 1678 εἰσ
1290 1616 1348 1679 siet
1370 1616 1464 1679 modo
1487 1625 1522 1677 ut
1544 1636 1628 1679 nunc
1649 1625 1703 1679 est.
1749 1613 1787 1678 ln
1803 1613 1999 1679 demonstra·

296 1733 363 1799 tivo
392 1757 466 1799 vero
494 1734 635 1801 membro
663 1737 794 1802 verbum
822 1737 979 1803 omittitur
1007 1739 1108 1804 Andr.
1138 1740 1202 1803 804
1230 1741 1277 1803 εἰσ
1302 1750 1338 1801 ut
1361 1740 1497 1825 quimus,
1521 1740 1622 1815 cium,
1647 1739 1775 1824 quaudo
1797 1748 1834 1802 ut
1856 1736 2001 1804 uolumus

295 1880 358 1922 non
378 1857 465 1923 dicet.
1309 1833 1313 1839 Ι

430 1979 465 2063 b)
492 1981 529 2046 In
557 1982 688 2048 relativo
715 1984 856 2049 membro
883 1996 1052 2072 usurpetur
1079 1984 1269 2049 indicativus
1296 1983 1601 2072 plusquamperfecti
1628 1984 1755 2050 Phorm.
1785 1984 1850 2049 813
1876 1986 1923 2048 εἰσ
1941 1984 2004 2071 poi

299 2106 492 2170 commodius
514 2107 548 2169 in
572 2110 671 2171 omnis
694 2109 836 2174 arbitror
858 2130 953 2192 quom
976 2122 1011 2173 ut
1034 2133 1180 2196 cuperus,
1204 2132 1330 2174 moneta
1352 2109 1441 2173 banc.

431 2227 465 2309 2)
493 2227 615 2294 Deinde
642 2232 717 2295 item
740 2268 782 2277 —
805 2243 841 2294 ut
864 2232 1024 2319 porticulus
1046 2233 1128 2297 inter
1151 2255 1182 2297 se
1205 2232 1405 2319 respondent.
1453 2233 1491 2296 In
1514 2243 1649 2319 utroque
1673 2231 1814 2296 membro
1836 2231 2002 2297 invenitur

296 2349 484 2415 indicativus
512 2353 684 2438 pressent—is:
735 2354 850 2420 Hcsut.
879 2357 943 2419 417
968 2378 1014 2442 sq.
1038 2358 1113 2420 item
1135 2367 1171 2418 ut
1189 2355 1298 2443 filium
1321 2378 1423 2420 meum
1447 2358 1548 2420 amico
1572 2366 1668 2441 atque
1690 2355 1807 2441 equali
1828 2374 1886 2419 suo
1908 2357 2002 2420 video

296 2475 446 2539 iusewire
468 2487 498 2539 st
519 2479 638 2541 socium
662 2501 724 2544 esse
745 2481 779 2543 in
802 2482 945 2567 coyctiia
968 2502 1024 2544 uos
1047 2499 1172 2565 quoque
1192 2501 1278 2544 sesses
1300 2490 1344 2544 est
1358 2499 1480 2565 equom
1494 2480 1618 2544 senibus
1634 2480 1771 2566 obsequi.
1808 2479 1880 2544 Uno
1894 2491 2002 2544 autem

296 2597 367 2662 loco
390 2597 557 2664 reintivum
581 2603 756 2669 membrum
780 2604 819 2668 ad
843 2603 1100 2669 enunciationem
1123 2601 1365 2668 conditionalem
1387 2602 1523 2668 refertur
1545 2602 1660 2669 Hcsut.
1688 2603 1772 2668 1935
1795 2605 1823 2666 εἰ
1844 2623 1883 2667 ee
1898 2605 2003 2688 capite

296 2723 338 2784 εἰε
360 2743 429 2786 meo
451 2735 554 2801 satus,
578 2727 651 2790 item
674 2738 710 2790 ut
733 2729 824 2791 ciunt
845 2728 1025 2792 Minervam
1047 2749 1110 2792 esse
1132 2749 1169 2791 ec
1189 2727 1280 2792 Jove.

431 2843 465 2925 3)
493 2846 648 2937 Deinceps
669 2852 778 2914 itidem
804 2885 845 2896 —
868 2862 904 2914 ut
927 2851 1086 2937 particule
1108 2850 1190 2915 inter
1213 2872 1246 2915 se
1267 2853 1466 2937 respondent.

430 2977 462 3056 a)
486 2975 523 3038 In
551 2972 684 3039 relativo
711 2974 852 3039 membro
881 2974 1002 3060 legitur
1025 2974 1215 3038 indicativus
1240 2975 1411 3062 praesentis,
1440 2975 1473 3040 in
1501 2973 1606 3060 priore
1633 2986 1738 3039 autern
1761 2972 1903 3038 membro
1925 2996 2001 3037 con·

295 3099 460 3184 junctivus
492 3111 548 3164 sut
575 3098 735 3186 presentis
763 3110 818 3163 aut
844 3099 1022 3185 imperfecti
1049 3097 1131 3162 Eun.
1162 3098 1226 3162 382
1255 3121 1302 3184 sq.
1332 3120 1373 3161 au
1401 3099 1437 3161 id
1459 3098 1664 3185 flagitiumst,
1691 3099 1721 3161 si
1748 3134 1788 3142 -
1817 3119 1868 3162 eus
1890 3099 2002 3162 itidem

294 3224 426 3309 sollum,
451 3235 485 3286 ut
508 3222 638 3287 abillis
655 3222 816 3310 fallimur.
839 3222 916 3288 ibid.
942 3224 984 3287 93
1007 3234 1044 3286 ut
1066 3234 1121 3286 cut
1145 3222 1203 3286 boc
1227 3223 1286 3286 tibi
1308 3221 1425 3286 doleret
1447 3223 1557 3286 itidem
1579 3234 1614 3285 ut
1637 3222 1716 3286 mibi
1731 3222 1824 3286 dolet.
1868 3222 1908 3286 ln
1921 3222 2001 3286 sels·

298 3347 367 3412 tivo
394 3360 500 3413 autem
527 3347 670 3411 membro
698 3346 829 3410 verbum
858 3346 1016 3411 omittitur
1045 3346 1121 3410 Hec.
1151 3346 1214 3410 312
1241 3348 1353 3411 itidem
1380 3346 1444 3410 itte
1465 3345 1610 3410 mulieres
1632 3358 1704 3410 sunt
1722 3347 1829 3432 ferme
1850 3358 1886 3409 et
1903 3349 2003 3433 pueri

294 3470 360 3535 ieci
380 3473 542 3536 sententis.
565 3469 644 3535 ibid.
669 3469 733 3533 866
752 3469 859 3556 piacet
882 3493 944 3536 uon
962 3472 1041 3559 fieri
1064 3470 1122 3534 boc
1143 3472 1253 3535 itidem
1275 3481 1312 3534 ut
1333 3473 1367 3533 in
1391 3470 1563 3535 comoediis

432 3594 466 3674 b)
490 3594 529 3658 In
550 3593 683 3659 relativo
707 3593 847 3659 membro
870 3607 1040 3682 usurpatur
1060 3593 1251 3659 indicativus
1274 3595 1417 3680 perfecti.

431 3717 465 3800 α)
488 3717 631 3783 Primum
654 3717 780 3804 quidem
803 3719 837 3783 in
860 3730 992 3804 utroque
1014 3718 1157 3783 membro
1180 3718 1301 3804 legitur
1320 3716 1511 3782 indicativus
1534 3717 1665 3804 perfecti
1688 3717 1767 3782 Hec.
1789 3717 1851 3781 251
1868 3727 1905 3780 ut
1919 3720 2003 3795 veui,

297 3843 408 3906 itidem
430 3843 583 3907 incertum
606 3843 723 3918 αεεείεἰί,
746 3843 779 3906 in
803 3865 865 3929 qua
886 3843 1115 3929 comparatione
1139 3864 1208 3928 quae
1231 3841 1395 3927 qualisque
1415 3840 1457 3905 sit
1472 3840 1727 3927 breviloquentia,
1744 3840 1884 3904 Thomas
1898 3838 2001 3918 docet,

297 3988 395 4051 quum
423 3965 504 4031 illud
531 3967 713 4054 exemplum
741 3966 802 4031 hoc
830 3967 924 4031 modo
947 3966 1101 4053 explicat:
1130 3966 1252 4029 ›cmisti
1273 3987 1321 4029 me
1343 3965 1453 4029 itidem
1475 3968 1629 4030 incertum
1651 3975 1687 4027 ut
1709 3966 2003 4045 isembrunum

297 4090 434 4153 incestus
457 4112 553 4166 mom,
578 4110 675 4176 quum
698 4090 806 4168 veui.)»
851 4089 925 4155 Uno
946 4103 1052 4156 sutem
1075 4091 1144 4155 loco
1166 4090 1201 4154 in
1224 4088 1358 4154 relativo
1380 4087 1522 4152 membro
1545 4087 1678 4153 verbum
1699 4089 1859 4153 omittitur
1873 4088 2001 4153 Phorm.

298 4212 365 4274 476
389 4222 454 4276 tum
477 4212 630 4278 Phormio
653 4215 764 4278 itidem
785 4215 818 4277 in
841 4212 901 4278 boc
922 4237 958 4279 re
979 4226 1015 4278 ut
1037 4217 1071 4278 in
1094 4214 1167 4278 aliis
1189 4224 1347 4278 strenuom
1372 4210 1527 4276 bominem
1546 4213 1694 4298 prebuit.

432 4333 463 4418 β)
491 4335 613 4402 Deinde
641 4336 674 4401 in
702 4336 808 4423 priore
832 4336 973 4401 membro
996 4338 1113 4424 legitur
1134 4336 1325 4402 indicetivus
1349 4336 1450 4401 futuri
1474 4335 1589 4399 Heaut.
1616 4336 1681 4401 698
1706 4334 1869 4411 celabitur,
1893 4337 2003 4400 itidem

298 4470 334 4522 ut
357 4458 457 4525 celata
478 4460 582 4524 adbuc
603 4471 656 4526 est.
703 4459 777 4525 Uno
798 4472 904 4526 sutem
920 4461 988 4526 loco
1004 4461 1171 4527 relativum
1188 4459 1364 4525 membrum
1380 4458 1419 4524 ad
1434 4459 1688 4524 enunciationem
1703 4459 1847 4537 refertur,
1863 4481 1932 4545 quoe
1947 4480 2004 4545 per

300 4584 378 4668 quin
400 4583 587 4670 particulam
610 4585 750 4662 effertur,
775 4584 853 4650 Hec.
880 4586 944 4650 150
967 4588 1045 4672 quin
1068 4587 1224 4670 iateyram
1246 4585 1356 4649 itidem
1379 4585 1523 4658 reddam,
1546 4594 1582 4646 ut
1605 4585 1713 4669 occepi
1735 4583 1775 4647 ab
1797 4585 1871 4647 εεείε.

433 4708 519 4773 Adn.
570 4707 679 4772 Unum
706 4720 812 4774 autern
840 4710 1024 4797 exemplum
1051 4708 1222 4786 invonitur,
1250 4709 1284 4772 in
1312 4729 1376 4794 quo
1404 4718 1438 4770 ut
1467 4743 1508 4752 —
1538 4708 1643 4771 eudem
1669 4707 1830 4793 particule
1856 4706 1941 4772 inter
1970 4730 2006 4773 sc

298 4829 491 4916 respondent
513 4829 590 4897 Hec.
615 4832 681 4897 544
703 4833 758 4898 sed
779 4844 815 4897 ut
839 4834 913 4899 olim
938 4845 967 4899 te
990 4834 1162 4911 ostendisti,
1185 4834 1293 4898 eodem
1316 4854 1378 4897 esse
1399 4832 1447 4896 nit
1470 4832 1626 4896 cessavisti
1647 4850 1744 4917 usquc
1759 4830 2006 4917 adduamque

301 4953 449 5042 exemplo
472 4953 537 5020 duo
559 4955 656 5043 digna
678 4979 744 5023 esse
766 4957 923 5034 videntur,
948 4981 1017 5048 quae
1041 4958 1251 5032 observemus,
1275 4956 1413 5045 primum
1437 4955 1519 5044 quod
1543 4956 1575 5019 in
1598 4966 1732 5042 utroque
1755 4954 1897 5020 membro
1918 4954 2005 5022 idem
