4530 5776
1777 441 1819 510 81

294 616 329 700 b)
357 619 411 685 Ad
439 619 588 706 exempla
615 631 748 696 transeo,
776 613 811 685 in
837 612 952 705 quibus
980 615 1086 706 priore
1114 615 1257 684 membro
1284 617 1403 684 omisso
1430 621 1522 706 quusi
1543 618 1699 708 particula
1720 621 1754 686 in
1776 617 1867 687 initio

159 743 391 810 enunciationis
413 742 551 831 ponitur,
575 743 621 809 ita
642 754 680 808 ut
701 741 882 808 enunciatio
905 765 963 830 per
985 744 1079 829 quusi
1099 742 1183 808 elata
1204 766 1270 808 non
1292 743 1332 808 ab
1354 743 1416 809 alia
1437 744 1585 832 pendeat,
1609 743 1665 810 sed
1680 746 1749 833 ipsa
1763 768 1818 833 per
1832 768 1866 811 se

159 847 330 935 consistere¹
354 867 507 933 videatur.
558 867 621 947 Qui
649 890 725 932 usus
754 868 787 932 in
815 865 979 953 colloquiis
1005 866 1146 932 serendis
1173 889 1237 932 non
1263 889 1333 933 raro
1355 868 1515 935 invenitur
1537 866 1594 947 itn',
1616 881 1654 933 ut
1675 892 1773 956 quum
1796 870 1867 956 quis

160 1015 335 1059 sermonem
369 1014 459 1058 susm
493 992 641 1070 finiverit,
670 991 750 1058 alius
783 1003 896 1079 pergat
921 991 1024 1057 dicere
1051 1014 1109 1080 per
1136 992 1399 1071 enunciationem,
1429 1016 1499 1081 quae
1526 993 1567 1059 ab
1594 995 1687 1081 quari
1712 994 1867 1081 particula

159 1117 282 1206 incipit
327 1116 430 1202 Cujus
451 1138 528 1183 usus
550 1117 614 1183 duo
637 1138 755 1204 genera
775 1115 991 1183 inveniuntur.

292 1240 326 1324 u)
353 1241 497 1307 Primum
528 1240 656 1329 quidem
682 1240 717 1305 in
744 1239 911 1327 colloquiis
938 1237 1077 1304 serendis
1103 1261 1201 1326 quum
1229 1240 1301 1327 quis
1326 1240 1447 1328 aliquid
1469 1241 1564 1320 dixit,
1587 1242 1669 1308 alius
1690 1264 1747 1331 per
1768 1265 1866 1308 enun-

159 1364 330 1432 ciationem
356 1365 535 1454 respondet,
559 1388 630 1452 quar
651 1364 692 1430 ab
715 1367 806 1451 qussi
827 1363 982 1451 particula
1003 1363 1127 1451 incipit.
1173 1363 1212 1428 In
1234 1386 1297 1450 quo
1319 1387 1379 1430 usu
1401 1365 1486 1430 inest
1507 1366 1760 1452 breviloquentia
1781 1390 1865 1455 quse·

159 1489 243 1569 dsm,
266 1490 312 1555 its
335 1501 372 1555 ut
395 1491 488 1576 quoti
509 1511 566 1577 pro
588 1491 635 1553 itu
658 1490 739 1554 dieis
760 1490 862 1574 quusi,
885 1490 933 1553 itu
956 1490 1114 1574 aequasi
1135 1488 1276 1575 positum
1298 1511 1364 1554 esse
1387 1488 1542 1555 videatur.
1581 1489 1740 1578 Exempla
1758 1503 1865 1557 autem

159 1612 225 1679 brec
250 1626 340 1680 sunt:
391 1613 493 1679 Andr.
523 1613 588 1678 502
620 1608 703 1693 Qui?
729 1614 805 1699 quio
833 1623 863 1678 ts
889 1634 1022 1677 moram.
1069 1646 1111 1658 -
1138 1611 1237 1692 Quasi
1260 1623 1295 1677 tu
1317 1615 1405 1678 dicae
1422 1613 1552 1700 scotum
1574 1616 1610 1679 id
1631 1614 1763 1680 consilio
1784 1638 1864 1682 mso.

158 1735 238 1804 ibid.
261 1737 328 1803 850
351 1737 450 1803 Modo
473 1759 531 1823 epo
553 1740 639 1802 intro
662 1738 716 1802 ivi.
764 1771 805 1784 -
832 1735 932 1816 Quasi
954 1758 1008 1823 epo
1029 1759 1124 1823 pssum
1148 1738 1268 1801 dudam
1290 1760 1408 1824 ropem.
1434 1733 1512 1803 ibid.
1537 1738 1602 1804 878
1618 1760 1664 1825 sq.
1681 1741 1770 1804 mitte
1784 1741 1866 1805 mole

161 1860 256 1948 loqui.
308 1897 352 1909 -
384 1860 484 1941 Quasi
510 1863 678 1948 quiequam
705 1863 739 1925 in
769 1861 848 1926 huuc
869 1861 942 1947 jam
967 1863 1100 1947 proviae
1126 1863 1192 1926 dici
1218 1864 1345 1948 possiet.
1396 1861 1528 1927 Duobus
1554 1874 1661 1927 autem
1689 1863 1765 1928 locis
1792 1877 1865 1929 ante

159 1984 337 2051 membrum
359 2008 416 2075 per
439 1988 531 2073 quusi
552 1985 671 2051 elatum
693 1985 809 2072 legitur
832 1984 1064 2050 substantivum
1086 1984 1138 2050 vel
1160 1984 1357 2071 adjectivum
1378 1985 1413 2050 in
1436 1986 1579 2051 vocativo
1601 1986 1740 2074 positum
1761 1988 1863 2053 Andr.

159 2109 224 2175 871
246 2132 357 2198 canpe
378 2109 452 2174 huie
469 2131 602 2197 psoram
623 2106 716 2173 illum
738 2131 801 2174 uon
824 2110 890 2174 dat.
937 2144 979 2156 —
1002 2108 1189 2173 Ridiculum
1212 2121 1319 2196 caput,
1341 2112 1433 2196 quusi
1453 2132 1592 2177 necessse
1612 2114 1713 2175 sit-
1729 2111 1864 2177 seillam

157 2255 288 2299 usome
312 2235 434 2299 ducere.
482 2232 622 2321 Adelph.
648 2234 713 2298 270
736 2256 782 2320 sq.
806 2255 845 2298 us
866 2235 902 2297 id
923 2234 1112 2298 adsentandi
1133 2234 1236 2320 ’παρὰ
1258 2256 1354 2319 quom
1376 2257 1439 2320 quo
1462 2233 1594 2300 babeam
1612 2246 1740 2320 protum
1751 2237 1865 2324 facere

158 2360 332 2424 cristam
376 2394 419 2405 -
442 2359 513 2444 Aps
534 2360 649 2445 inopte,
673 2360 766 2443 quusi
787 2379 955 2422 euoenon
976 2360 1119 2422 norimus
1141 2380 1199 2423 nor
1220 2361 1305 2423 iuter
1324 2380 1391 2423 nor.

291 2480 324 2566 β)
351 2482 477 2548 Deinde
503 2482 537 2547 in
565 2481 730 2568 colloquiis
758 2480 898 2546 serendis
924 2504 1023 2568 quum
1050 2480 1121 2569 quia
1143 2481 1261 2567 aliquid
1283 2480 1501 2568 interrogavit,
1525 2482 1604 2547 alius
1626 2482 1864 2570 interrogationi

156 2607 324 2695 respondet
351 2628 408 2694 per
433 2606 697 2683 enunciationem,
722 2628 792 2693 qua
813 2605 853 2670 ab
877 2607 969 2691 quasi
990 2605 1144 2692 particula
1164 2604 1287 2692 incipit.
1333 2604 1434 2692 Cujus
1457 2628 1532 2671 usus
1555 2605 1679 2695 duplex
1701 2620 1749 2672 est
1771 2609 1862 2674 ratio.

158 2729 241 2795 Nam
263 2752 362 2817 quum
386 2730 457 2818 quis
478 2729 598 2816 aliquid
622 2729 777 2817 quaesivit,
800 2751 984 2816 responsum
1008 2728 1076 2794 dari
1099 2740 1209 2816 potest,
1227 2742 1282 2794 aut
1304 2729 1344 2795 ab
1366 2752 1413 2808 eo,
1436 2731 1491 2816 qui
1512 2729 1730 2817 interrogavit,
1753 2744 1808 2797 aut
1823 2733 1863 2798 ab

157 2854 230 2920 alio.
275 2854 434 2942 Exempla
455 2866 561 2919 autem
584 2852 671 2919 illius
692 2853 817 2941 generis
840 2851 906 2918 baec
927 2865 1015 2918 sunt:
1052 2853 1153 2918 Andr.
1177 2853 1242 2917 499
1266 2854 1343 2938 quid
1357 2849 1484 2918 medos?
1497 2856 1590 2938 quari
1603 2876 1663 2919 aon
1678 2855 1737 2919 tibi
1751 2877 1862 2920 renun-

157 2981 237 3043 tiato
258 2982 320 3044 siut
342 2979 406 3043 hoec
427 2981 471 3043 εἰσ
487 2980 570 3066 fors.
593 2977 672 3044 ibid.
697 2978 762 3042 890
785 2979 863 3062 quid
885 2980 945 3042 »mi
954 2973 1082 3065 poteri»
1097 2979 1190 3062 paors·
1203 2989 1238 3040 tu
1253 2977 1344 3041 buius
1359 2977 1500 3062 iudipeos
1510 2980 1624 3063 putris.
1663 2977 1778 3044 Heaut.
1797 2981 1862 3044 720

157 3099 288 3169 mauis?
319 3106 412 3188 quusi
445 3125 505 3168 non
539 3125 575 3167 eu
604 3113 740 3189 potestur
767 3104 807 3166 rit
835 3113 898 3166 suu
948 3101 1105 3189 Exempla
1132 3123 1208 3165 vero
1235 3100 1332 3186 hujus
1358 3101 1482 3187 generis
1510 3114 1599 3166 sunt:
1650 3102 1766 3168 Heaut.
1795 3103 1859 3167 587

156 3224 412 3306 Deambulatum,
434 3224 523 3312 qao?
545 3262 587 3274 -
619 3226 695 3305 Vah,
717 3229 809 3310 quari
831 3226 909 3290 desit
932 3225 1023 3290 loeus
1069 3224 1208 3313 Adelph.
1233 3225 1296 3289 941
1321 3246 1386 3311 ape,
1408 3226 1485 3307 quid
1498 3227 1606 3309 siqedd
1621 3238 1649 3290 ts
1662 3228 1765 3292 maim
1779 3222 1863 3292 oret?

156 3384 200 3399 -
224 3349 323 3431 Queri
343 3373 405 3415 srou
427 3351 482 3415 hoc
502 3354 543 3415 sit
564 3372 756 3415 mammam.

289 3473 376 3540 Adn.
427 3473 570 3554 Quorum
599 3474 818 3560 exemplorum
845 3472 879 3536 in
908 3472 1184 3537 enunciationibus
1211 3494 1268 3559 per
1293 3473 1385 3555 quari
1411 3472 1600 3560 particulam
1627 3473 1719 3540 elatis
1745 3475 1862 3562 ubique

153 3597 376 3684 conjunctivus
408 3598 569 3686 proesentis
595 3598 759 3663 invenitur
785 3597 925 3684 exceptis
951 3595 1076 3661 duobus
1103 3595 1259 3683 exemplis
1285 3595 1439 3682 (Adelph.
1469 3599 1544 3674 271,
1574 3597 1675 3663 Andr.
1704 3600 1797 3679 499),
1827 3600 1861 3665 in

155 3721 271 3810 quibus
292 3735 464 3810 usurpatur
484 3722 708 3808 conjunctivus
729 3720 874 3809 perfecti.

977 4057 1037 4143 lll.

694 4280 746 4352 ns
768 4285 855 4372 qusai
874 4282 1039 4351 adverbio
1061 4281 1318 4351 similitudlnIs

291 4464 385 4531 Nunc
411 4465 451 4531 de
479 4465 572 4531 tertis
599 4464 696 4551 hujus
724 4465 884 4552 particula
911 4464 1039 4528 notione
1066 4485 1165 4550 pauce
1192 4461 1307 4541 dicam,
1337 4486 1435 4550 quum
1463 4466 1555 4550 quasi
1576 4466 1731 4553 particula
1752 4468 1859 4548 verbo,

152 4590 193 4655 ad
215 4588 300 4678 quod
323 4590 469 4679 pertinet,
493 4590 609 4655 omisso
631 4591 665 4655 in
687 4588 873 4655 sdverbium
896 4587 1114 4653 similitudinis
1132 4586 1291 4652 transiisse
1306 4586 1441 4653 videtur.
1464 4586 1567 4673 Cujus
1582 4612 1658 4655 usus
1672 4590 1733 4656 tria
1746 4614 1861 4679 genera

152 4711 383 4780 discernuntur.

285 4837 318 4917 a)
342 4836 485 4902 Primum
509 4840 601 4925 quusi
623 4836 786 4925 particula,
810 4835 903 4902 utin
925 4834 1198 4901 enunciationibus
1220 4856 1278 4922 per
1299 4857 1368 4900 eanr
1391 4834 1570 4921 conjunctis
1592 4836 1632 4902 ad
1654 4841 1858 4926 comparatio·

150 4976 224 5026 nem
246 4959 449 5026 indicandum
472 4959 650 5037 adhibetur,
673 4961 718 5024 itu
739 4960 834 5025 etism
858 4982 896 5024 ee
914 4960 1052 5037 notione,
1068 4958 1185 5046 deque
1198 4980 1283 5023 nuuc
1296 4957 1424 5036 dicitur,
1440 4972 1620 5047 usurpatur,
1636 4983 1734 5046 quum
1750 4964 1857 5043 verbo,
