4530 5776
171 1150 371 1320 Comoedias
395 1255 523 1326 Terenti
547 1280 609 1343 quo
632 1254 731 1341 magis
755 1255 901 1341 legeram,
926 1280 964 1318 eo
987 1254 1088 1339 magis
1111 1252 1298 1330 adducebar,
1323 1266 1360 1317 ut
1382 1277 1430 1317 res
1446 1253 1550 1318 latinae
1565 1266 1737 1340 syntaxeos
1753 1251 1875 1339 dignas,

58 1423 62 1432 .
170 1378 203 1443 in
227 1381 344 1465 quibus
366 1379 584 1466 pernoscendis
608 1402 702 1466 opera
725 1401 819 1465 quam
844 1379 982 1442 maxima
1004 1390 1249 1455 consumeretur,
1273 1400 1314 1442 ex
1336 1377 1375 1441 iis
1397 1378 1464 1442 erui
1487 1400 1577 1464 posse
1592 1377 1759 1442 crederem.
1807 1376 1876 1440 Pri·

172 1525 260 1566 mum
287 1503 321 1566 in
344 1503 471 1590 scriptis
493 1504 562 1588 ejus
585 1515 649 1567 tarn
672 1503 809 1590 priscum
834 1501 982 1588 loquendi
1006 1525 1098 1566 usum
1121 1525 1203 1589 saepe
1225 1501 1435 1579 inveniebam,
1458 1514 1496 1566 ut
1518 1501 1626 1566 multae
1649 1503 1719 1587 ejus
1741 1500 1876 1565 locutio·

172 1649 226 1690 nes
254 1625 293 1690 ad
316 1649 383 1705 eas,
413 1649 490 1713 quas
518 1626 650 1692 Plautus
677 1627 808 1712 ejusque
835 1626 967 1712 aequales
995 1625 1195 1703 adhibebant,
1220 1627 1363 1712 proxime
1386 1625 1532 1690 accedere
1554 1624 1745 1690 viderentur.
1792 1624 1876 1689 Tum

171 1749 342 1814 orationem
370 1751 440 1835 ejus
467 1751 577 1816 multis
605 1750 639 1814 in
662 1752 755 1816 rebus
779 1763 843 1815 tam
866 1772 991 1826 novam,
1016 1763 1080 1815 tam
1104 1772 1215 1836 puram
1239 1773 1305 1814 esse
1327 1749 1557 1836 intelligebam,
1581 1762 1618 1813 ut
1640 1772 1713 1813 cum
1737 1773 1783 1826 ea,
1808 1773 1877 1836 quar

172 1875 367 1961 temporibus
394 1875 556 1941 Ciceronis
585 1877 619 1941 in
647 1898 706 1939 usu
734 1888 811 1952 erat,
831 1876 904 1960 jure
926 1875 1096 1962 comparari
1119 1886 1235 1959 posset,
1260 1896 1353 1960 quam
1377 1873 1501 1938 laudem
1525 1873 1554 1937 ei
1578 1885 1697 1938 veteres
1720 1872 1878 1938 Romanos

173 1999 315 2063 omnium
350 2022 502 2063 consensu
536 1998 682 2064 tribuisse
708 2021 750 2063 ex
777 2022 816 2063 eo
831 2010 982 2086 apparet,
1012 1997 1098 2085 quod
1123 1999 1191 2084 jam
1218 2021 1237 2063 a
1264 1998 1385 2062 Caesare
1413 1998 1581 2062 Terentius
1610 2000 1701 2085 »puri
1727 2000 1878 2062 sermome

174 2134 312 2187 ansatur»
328 2122 353 2202 ¹)
385 2123 531 2187 laudatus
562 2136 619 2188 est.
674 2123 887 2203 Quamobrem
916 2146 977 2186 non
1004 2122 1117 2188 inutile
1144 2123 1212 2187 fore
1240 2123 1400 2209 putabam,
1430 2121 1457 2186 si
1487 2123 1588 2208 qualis
1618 2134 1703 2187 certa
1735 2122 1878 2209 quaedam

173 2268 224 2310 res
247 2246 351 2311 latinae
374 2259 542 2333 syntaxeos
565 2247 647 2335 apud
671 2247 856 2312 Terentium
880 2259 972 2324 esset,
996 2246 1183 2334 diligentius
1205 2246 1451 2332 investigasscm.

308 2371 357 2435 De
379 2371 642 2456 conjunctionum
664 2372 949 2459 comparativorum
973 2394 1032 2436 usu
1055 2372 1248 2436 Terentiano
1263 2370 1383 2456 scripsi.
1429 2370 1576 2435 Fortasse
1591 2371 1708 2435 dixerit
1723 2371 1880 2458 quispiam

174 2493 255 2558 hanc
283 2517 349 2558 rem
377 2506 442 2559 tam
471 2518 611 2582 parvam,
640 2508 705 2560 tam
733 2497 822 2584 parvi
846 2495 1001 2562 momenti
1023 2518 1100 2571 esse,
1124 2508 1248 2559 utnon
1272 2495 1347 2559 satis
1369 2494 1465 2581 digna
1487 2516 1554 2559 esse
1578 2495 1732 2571 videatur,
1757 2493 1795 2558 de
1818 2517 1881 2580 qua

174 2618 330 2704 copiosius
357 2633 477 2706 agatur.
530 2620 582 2684 Ad
611 2620 696 2706 qnod
723 2621 860 2706 primum
887 2620 1063 2708 respondeo
1089 2642 1155 2684 rem
1183 2620 1282 2697 illam,
1307 2620 1450 2705 quamvis
1473 2620 1576 2706 primo
1599 2631 1726 2705 aspectu
1750 2619 1881 2683 nonita

176 2744 281 2834 magni
308 2745 422 2808 laboris
452 2768 517 2809 esse
545 2745 718 2822 videretur,
746 2758 851 2809 tamen
878 2767 976 2830 quum
1003 2744 1038 2809 in
1065 2743 1198 2831 singulis
1220 2745 1289 2829 ejus
1313 2744 1454 2830 partibus
1476 2744 1708 2829 perscrutandis
1731 2766 1879 2820 versarer,

176 2867 251 2930 satis
280 2868 390 2931 multis
417 2867 556 2932 laborare
583 2867 823 2933 difficultatibus
850 2891 901 2933 me
923 2869 1081 2956 reperisse,
1106 2891 1183 2955 quas
1207 2879 1359 2955 quantum
1383 2868 1471 2955 potui
1495 2868 1622 2932 vincere
1645 2880 1776 2932 conatus
1800 2891 1879 2933 sum.

177 2990 260 3054 Tum
288 2991 407 3055 nullam
434 2992 503 3056 fere
530 3014 597 3057 rem
625 3005 689 3056 tam
717 2992 807 3079 parvi
835 2993 989 3057 momenti
1016 3014 1083 3057 esse
1110 2992 1270 3080 putabam,
1299 3005 1336 3056 ut
1364 3015 1425 3055 non
1453 3014 1495 3055 ex
1522 3015 1567 3068 ea,
1597 2992 1622 3055 si
1650 2991 1826 3056 accuratius
1850 3004 1882 3056 et

176 3113 360 3201 diligentius
387 3128 577 3202 pertractata
604 3128 698 3194 esset,
726 3117 866 3202 quadam
894 3118 1038 3202 quamvis
1061 3139 1159 3203 parva
1181 3116 1301 3180 utilitas
1323 3116 1394 3202 oapi
1418 3138 1509 3201 posse
1524 3115 1699 3179 uideretur.
1748 3115 1883 3180 Accedit

177 3240 260 3325 quod
283 3240 323 3304 de
348 3239 406 3305 bac
429 3263 472 3317 re,
497 3254 650 3327 quantum
674 3241 749 3320 seio,
773 3241 855 3305 nihil
878 3254 928 3306 est
949 3254 1044 3306 antea
1066 3241 1229 3326 scriptum.
1278 3240 1358 3303 Nam
1374 3259 1444 3325 quar
1459 3239 1499 3304 de
1516 3262 1552 3303 ea
1567 3261 1600 3304 re
1617 3237 1769 3322 Holtze¹)
1785 3241 1881 3328 scrip·

177 3362 228 3439 sit,
257 3376 313 3427 aut
338 3364 427 3428 nulla
454 3377 528 3430 sunt
554 3379 611 3431 aut
637 3377 701 3430 tam
730 3388 841 3453 pauca,
868 3378 905 3430 ut
933 3388 1032 3452 quum
1062 3365 1193 3429 adrem
1222 3364 1473 3450 investigandam
1501 3364 1676 3442 transirem,
1700 3387 1768 3429 eam
1793 3364 1882 3452 quasi

177 3487 333 3552 infectam
361 3500 454 3574 atque
485 3488 643 3575 integram
676 3490 780 3554 denuo
808 3491 1000 3555 tractandam
1028 3488 1251 3554 intellexerim.
1303 3488 1500 3574 Quamquam
1529 3488 1606 3575 quid
1634 3489 1736 3553 mults
1762 3489 1881 3575 loquor,

179 3610 268 3698 quasi
295 3612 335 3676 de
362 3635 399 3677 ea
421 3635 454 3678 re
477 3612 613 3678 scribere
636 3635 700 3677 non
724 3611 838 3679 liceat?
883 3614 1015 3701 Scripsit
1036 3625 1142 3678 tamen
1165 3612 1206 3677 de
1230 3613 1341 3677 harum
1364 3612 1627 3697 conjunctionum
1650 3636 1710 3678 usu
1734 3613 1884 3679 Plautino

178 3737 362 3802 Fulrrmsnn
375 3735 411 3818 ³).
464 3737 567 3817 Quare
590 3760 689 3824 quum
712 3737 752 3801 de
775 3737 835 3802 hac
856 3759 890 3802 re
911 3737 997 3825 apud
1021 3737 1171 3802 Plautum
1194 3737 1330 3801 scribere
1354 3737 1503 3814 licuisset,
1529 3760 1585 3801 cur
1607 3738 1737 3802 eandem
1760 3739 1882 3802 remia

179 3860 343 3926 comoediis
366 3860 494 3927 Terenti
517 3861 707 3949 perscrutari
729 3884 793 3926 non
816 3862 893 3927 item
915 3861 1036 3939 liceret,
1059 3860 1204 3947 equidem
1227 3860 1336 3926 videre
1358 3882 1422 3925 non
1438 3873 1589 3948 poteram.
1629 3860 1705 3940 Quae
1727 3885 1824 3948 quum
1840 3863 1886 3926 ita

180 3999 294 4062 essent,
318 3986 394 4051 satis
417 4008 517 4051 causae
541 4009 608 4051 esse
631 3986 809 4064 credebam,
833 4008 1000 4074 europus,
1024 3987 1111 4074 quod
1134 3986 1212 4052 mihi
1236 3987 1476 4075 proposuissem,
1501 3986 1539 4051 ad
1562 3986 1658 4052 finem
1672 3988 1884 4075 perducerem.

313 4111 351 4175 In
380 4133 444 4197 quo
471 4111 622 4198 opusculo
650 4111 876 4176 conscribendo
897 4133 990 4196 quarn
1013 4121 1166 4176 rationem
1188 4122 1313 4175 secutus
1336 4112 1406 4188 sim,
1431 4135 1514 4175 nunc
1537 4135 1636 4198 pauca
1659 4112 1770 4176 dicam.
1818 4112 1885 4177 Pri·

181 4258 267 4299 mum
296 4235 349 4321 qui
378 4234 629 4300 dissertationem
656 4235 758 4321 qualis
785 4256 857 4298 mea
884 4248 965 4300 esset
988 4235 1184 4300 conscribere
1210 4236 1337 4312 vellent,
1362 4259 1431 4321 quar
1452 4236 1486 4299 in
1510 4237 1643 4322 singulis
1666 4238 1758 4302 rebus
1781 4237 1886 4302 latinae

181 4372 348 4445 syntaxeos
375 4359 605 4447 pertractandis
632 4372 807 4424 versaretur
834 4361 875 4424 ob
902 4383 1034 4446 eamque
1061 4382 1187 4424 causam
1216 4360 1310 4424 certis
1334 4360 1522 4446 quibusdam
1550 4372 1644 4446 atquc
1666 4361 1706 4425 iis
1730 4362 1885 4448 angustis·

182 4485 269 4549 simis
291 4483 433 4549 terminis
456 4496 539 4548 esset
560 4483 807 4571 circumscripta,
831 4483 871 4548 iis
893 4484 1018 4570 quidem
1043 4484 1118 4570 quid
1141 4485 1175 4547 in
1199 4483 1331 4570 singulis
1353 4484 1508 4571 exemplis
1530 4507 1602 4548 oum
1626 4486 1743 4550 usitata
1762 4485 1888 4551 dicendi

181 4608 301 4673 ratione
323 4609 524 4686 consentiret,
549 4606 624 4694 quid
647 4607 688 4672 ab
711 4630 748 4672 ea
769 4606 961 4686 abhorreret,
986 4610 1088 4673 multo
1111 4608 1289 4672 accuratius
1312 4621 1345 4673 et
1363 4607 1546 4694 diligentius
1567 4609 1797 4695 exquirendum
1819 4633 1887 4675 esse

318 4835 341 4904 ι)
360 4837 390 4891 0.
408 4836 517 4892 Sretonl
535 4834 684 4906 Tranquilli
702 4850 762 4905 quse
782 4840 928 4905 supersunt
946 4836 1043 4890 omnia
1080 4835 1226 4890 Recensuit
1243 4836 1272 4888 C.
1291 4835 1322 4889 L.
1341 4835 1422 4901 Roth,
1440 4835 1552 4906 Leipzig
1571 4836 1649 4902 1871,
1668 4852 1728 4907 pag.
1747 4837 1809 4891 294.

319 4922 344 4993 ¹)
361 4923 465 4991 Holtze,
484 4925 610 4996 syntaxis
628 4925 778 4995 priscorum
796 4925 958 4995 scriptorum
976 4924 1122 4980 latinorum
1138 4938 1222 4993 usque
1234 4923 1269 4979 ad
1281 4923 1445 4990 Terentium,
1457 4923 1509 4979 sol.
1522 4924 1601 4990 1-2,
1614 4924 1725 4994 leipnig
1738 4925 1888 4980 1861-62.

320 5011 345 5081 ⁸)
363 5006 394 5067 C.
412 5012 578 5079 Fuhrmann,
598 5013 639 5068 De
656 5012 851 5084 particularum
869 5013 1111 5083 comparativarum
1129 5028 1181 5068 usu
1199 5011 1335 5078 Plautino,
1354 5011 1515 5068 Greifsaald
1534 5012 1613 5067 1869.
