4530 5776
319 424 338 487 8

272 616 309 667 ut
331 602 550 689 praesentiret
572 603 679 668 futura
701 615 845 689 tempora
867 600 979 689 prioris
1002 598 1137 665 membri
1160 611 1309 686 sequatur
1332 600 1365 665 in
1389 600 1487 666 ultera
1508 599 1648 665 membro
1663 575 1886 686 conjunctivus
1901 618 1985 686 proe·

273 727 371 791 sentis
393 725 445 790 vel
469 725 611 812 perfecti,
634 738 775 813 tempore
797 725 952 813 praeterite
975 736 1081 790 sutem
1104 737 1253 811 sequatur
1274 725 1499 811 conjunctivus
1520 711 1701 812 imperfecti
1723 724 1776 788 vel
1798 724 1985 811 plusquam·

273 849 412 937 perfecti.

286 989 288 993 “
407 975 439 1057 a)
466 973 504 1039 In
532 975 633 1062 priore
661 973 804 1039 membro
832 986 1023 1061 usurpantur
1050 986 1190 1059 tempora
1220 973 1384 1060 praesentio
1407 973 1457 1038 vel
1480 973 1598 1050 sutura,
1622 972 1656 1037 in
1680 971 1851 1059 posteriore
1873 980 1985 1037 sutem

274 1096 418 1163 membro
441 1098 558 1186 legitur
580 1098 801 1184 conjunctivus
822 1097 997 1186 presentis.

407 1223 440 1304 a)
464 1223 501 1288 In
524 1224 627 1311 priore
650 1224 795 1288 membro
817 1223 980 1288 invenitur
1002 1245 1149 1311 presens:
1175 1222 1289 1287 Hesut.
1317 1223 1402 1288 1010
1418 1224 1515 1287 immo
1530 1224 1723 1309 sciapodes,
1740 1244 1835 1308 quam
1850 1221 1986 1307 quidem

274 1349 382 1413 redeat
411 1349 450 1412 de
472 1350 593 1434 intepro
617 1348 681 1412 ltoee
705 1350 819 1424 oratic,
842 1349 876 1412 in
900 1371 962 1433 quo
984 1348 1129 1434 exemplo
1148 1350 1259 1434 potius
1283 1340 1378 1433 quam
1401 1347 1523 1411 voculis
1546 1348 1594 1411 vis
1617 1341 1848 1432 quodammodd
1870 1346 1985 1431 sugeri

274 1473 400 1538 ridetur
428 1473 537 1538 addita
564 1474 692 1558 quidem
720 1471 883 1559 particulo.
912 1471 988 1536 ibid.
1018 1473 1082 1536 928
1112 1474 1202 1537 immo
1230 1473 1322 1536 abeat
1345 1473 1456 1558 potius
1478 1470 1567 1535 mala
1588 1473 1699 1556 quouis
1719 1472 1861 1556 pentinum
1885 1492 1985 1556 quam

275 1599 326 1663 hic
355 1620 414 1684 per
431 1597 596 1685 flapitiam
620 1599 664 1661 ad
686 1598 829 1684 inopiam
851 1598 977 1682 redipat
998 1609 1123 1682 patrem
1147 1594 1223 1659 Hoc.
1248 1596 1313 1660 729
1337 1597 1534 1660 videndumst
1557 1617 1596 1659 ne
1617 1597 1721 1659 minus
1739 1604 1876 1682 propter
1897 1596 1985 1658 iram

275 1721 348 1787 hinc
370 1725 535 1809 impetrem
558 1743 653 1806 quam
672 1716 820 1808 possiem.

409 1843 439 1929 β)
467 1845 504 1910 ln
531 1845 634 1932 priore
656 1844 803 1910 ¹membro
825 1846 942 1932 legitur
963 1844 1123 1909 futurum:
1172 1844 1271 1909 Andr.
1297 1844 1361 1908 396
1385 1847 1520 1910 inueniet
1543 1847 1669 1930 inopem
1688 1844 1808 1930 potius,
1834 1864 1930 1928 quam
1956 1853 1987 1907 te

276 1971 440 2058 corrumpi
462 1973 555 2034 sinat.
579 1968 657 2033 ibid.
684 1970 748 2033 173
771 1993 878 2034 rmum
902 1987 1003 2034 tamea
1022 1971 1133 2055 potius
1150 1992 1245 2054 quam
1262 1980 1291 2032 te
1305 1971 1467 2034 inimicam
1485 1969 1627 2046 habeam,
1639 1969 1776 2055 faciam,
1793 1978 1828 2032 ut
1838 1968 1986 2054 jusseris.

276 2093 414 2182 Adelph.
438 2093 500 2159 497
528 2096 662 2180 denique
684 2096 825 2157 animam
846 2093 1025 2179 relinquam
1044 2097 1155 2180 potius
1178 2117 1273 2180 quam
1296 2093 1370 2159 illas
1394 2096 1544 2159 dmeram.
1592 2096 1623 2157 A
1646 2116 1711 2179 quo
1735 2115 1793 2158 usu
1817 2115 1879 2157 non
1901 2092 1987 2157 mul·

275 2232 344 2283 tum
367 2216 476 2284 abesse
498 2216 625 2283 videtur
648 2241 686 2282 cs
707 2217 835 2282 dicendi
858 2217 947 2295 ratio,
971 2240 1069 2304 quum
1093 2219 1126 2281 in
1150 2219 1254 2305 priore
1278 2219 1421 2283 membro
1437 2230 1606 2306 usurpetur
1619 2219 1827 2307 imperativus
1842 2228 1898 2283 snt
1911 2239 1987 2282 con·

272 2343 437 2429 junctivus
465 2342 625 2430 optativus
653 2342 704 2406 vel
731 2341 922 2430 potentialis,
946 2341 980 2405 in
1003 2341 1119 2427 quibus
1141 2342 1229 2407 verbi
1251 2342 1361 2407 formis
1383 2344 1466 2408 inest
1488 2342 1676 2430 significatio
1698 2343 1849 2430 temporis
1870 2341 1987 2407 futuri.

277 2468 420 2533 Primum
448 2466 575 2554 quidem
604 2466 638 2530 in
665 2467 768 2554 priore
796 2466 937 2530 membro
966 2465 1127 2530 invenitur
1154 2466 1359 2553 imperativus
1382 2466 1509 2533 Phorm.
1533 2468 1597 2533 407
1623 2490 1731 2532 uerum
1754 2469 1989 2554 tamen'potius

276 2593 372 2679 quam
400 2590 467 2656 litis
492 2602 590 2656 secter
616 2602 672 2655 aut
700 2614 796 2676 quam
825 2602 854 2655 te
881 2592 1012 2655 audiam
1037 2626 1078 2637 -
1102 2591 1223 2657 abduce
1246 2592 1333 2657 hana.
1380 2592 1518 2679 Adelph.
1544 2593 1609 2658 240
1628 2602 1737 2681 potius
1761 2615 1856 2678 quam
1878 2595 1989 2658 reniae

277 2719 312 2779 ia
330 2714 488 2802 periclum
511 2749 553 2762 -
578 2716 743 2780 dividuam
760 2715 848 2801 sare.
895 2715 1019 2780 Deinde
1041 2715 1075 2779 in
1098 2717 1206 2803 priore
1227 2716 1367 2781 membro
1383 2729 1570 2803 ursurpstur
1584 2717 1806 2803 conjunctivus
1821 2716 1986 2805 optativus

278 2862 342 2903 uno
366 2839 435 2905 looo
459 2838 601 2926 Adelph.
627 2837 691 2903 248
711 2842 939 2926 potiusquam
964 2838 1029 2903 litis
1051 2861 1176 2925 sequar,
1200 2863 1303 2905 meum
1326 2841 1407 2906 mihi
1428 2841 1594 2905 reddatur.
1641 2840 1807 2907 Postremo
1829 2863 1894 2906 uno
1917 2842 1989 2907 loco

277 2964 438 3029 invenitur
464 2962 685 3049 conjunctivus
712 2962 891 3050 potentialis
920 2962 999 3027 Hec.
1023 2965 1089 3027 424
1114 2965 1248 3049 denique
1271 2963 1373 3028 hercle
1396 2965 1579 3051 aufuperim
1598 2969 1825 3052 potiusquam
1847 2967 1988 3041 redeam,

277 3091 306 3153 ei
328 3109 364 3153 eo
386 3087 468 3152 mihi
488 3088 682 3152 redeundum
704 3091 813 3152 sciam.

411 3211 447 3292 b)
472 3211 509 3276 In
533 3211 635 3298 priore
659 3211 802 3276 membro
825 3224 1017 3298 usurpentur
1040 3224 1182 3300 temporo
1204 3211 1369 3299 preterita,
1394 3213 1427 3276 in
1449 3212 1548 3276 altero
1570 3212 1715 3278 membro
1735 3212 1898 3279 invenitur
1912 3234 1986 3277 con·

277 3337 442 3421 junctivus
465 3334 652 3422 imperfecti.

414 3459 447 3540 a)
471 3459 508 3524 ln
532 3459 635 3547 priore
658 3458 801 3523 membro
824 3458 986 3523 invenitur
1008 3459 1187 3546 perfectum
1211 3459 1412 3527 historicum:
1454 3460 1554 3524 Andr.
1574 3462 1636 3524 797
1655 3483 1724 3547 qua
1738 3449 1802 3526 sese
1817 3460 1989 3526 inhonestat

281 3585 404 3671 optarit
423 3606 540 3671 parere
563 3583 614 3647 hia
637 3584 766 3647 diuitias
785 3586 895 3670 potius
919 3605 1014 3669 quam
1038 3585 1072 3649 ia
1090 3587 1204 3671 patria
1227 3584 1351 3648 honeste
1369 3606 1497 3672 pauper
1518 3587 1642 3650 vianet.
1688 3584 1802 3649 Heaut.
1827 3585 1893 3649 443
1909 3586 1987 3670 pri-

280 3732 365 3773 mum
390 3707 465 3773 olim
483 3710 596 3795 potius
619 3729 715 3793 quam
733 3719 881 3794 paterere
899 3708 1009 3797 filium
1033 3720 1219 3772 sommatore
1241 3710 1284 3772 ad
1306 3708 1525 3773 mtsliereulam
1550 3745 1592 3756 -
1612 3710 1820 3795 proterruisti
1842 3706 1924 3771 hinc.

415 3829 447 3914 β)
481 3831 647 3918 inpriore
669 3831 811 3896 membro
833 3831 951 3918 legitur
972 3831 1195 3916 conjunctivus
1217 3831 1414 3919 imperfecti:
1461 3832 1601 3920 Adelph.
1629 3834 1690 3898 107
1715 3854 1760 3919 sq.
1785 3831 1929 3897 stillum
1954 3844 1988 3896 tu

283 3968 380 4033 tuom,
407 3958 436 4019 si
464 3978 540 4020 esses
568 3956 672 4032 lamo,
700 3958 816 4020 sineres
843 3978 926 4019 uuna
947 3955 1061 4042 faeere
1089 3993 1131 4006 —
1150 3958 1261 4043 potins
1289 3979 1384 4041 quam
1414 3992 1456 4004 ·-
1480 3956 1631 4021 alieniore
1659 3968 1750 4021 aetate
1772 3968 1848 4046 post
1866 3965 1989 4040 faceret

283 4092 396 4144 tumen.
445 4077 522 4143 Hee.
551 4079 615 4142 532
643 4101 688 4165 sq.
713 4080 815 4143 adeon
837 4081 1000 4165 permirari
1027 4101 1089 4144 esse
1115 4082 1231 4156 anima,
1260 4091 1294 4144 ut
1313 4103 1449 4166 puerum
1469 4092 1665 4168 praeoptares
1684 4083 1795 4168 perire
1817 4116 1858 4129 -
1878 4083 1990 4169 potius

283 4227 379 4289 quam
407 4205 575 4267 aduersum
604 4204 705 4268 animi
733 4205 780 4267 tui
808 4203 980 4268 lubidinem
1003 4214 1079 4268 esset
1102 4227 1172 4267 eum
1195 4203 1252 4267 illo
1276 4215 1386 4290 nupta,
1411 4205 1444 4268 in
1467 4227 1529 4289 quc
1551 4204 1697 4292 exemplo
1719 4204 1790 4269 due
1812 4227 1861 4269 res
1885 4203 1989 4291 digne

282 4350 350 4392 esse
372 4327 532 4404 videntur,
556 4348 633 4413 quas
656 4326 867 4391 observemus.
914 4326 1057 4391 Primum
1080 4326 1206 4412 quidem
1231 4328 1361 4392 verbum
1385 4331 1500 4415 (nupta
1523 4331 1611 4407 esset)
1634 4350 1690 4415 pro
1712 4328 1899 4415 imperfecto
1914 4349 1989 4392 con·

281 4451 456 4537 jugationis
484 4450 715 4538 periphrasticae
741 4450 957 4538 accipiendum
979 4463 1036 4528 est,
1061 4450 1093 4515 id
1117 4451 1201 4535 quod
1224 4451 1362 4516 Thomas
1384 4452 1553 4530 intellexit,
1578 4475 1676 4539 quum
1700 4464 1801 4539 napta
1825 4463 1900 4516 esset
1923 4451 1990 4538 gal·

283 4573 346 4639 liae
382 4575 478 4639 vertit
515 4578 625 4639 »restit
657 4575 786 4639 menide»
800 4574 837 4655 ι).
893 4574 1015 4640 Deinde
1048 4575 1129 4640 illud
1156 4575 1284 4661 quidem
1313 4577 1364 4640 vel
1392 4577 1529 4641 muxime
1557 4577 1790 4642 observandum
1818 4588 1876 4653 est,
1904 4575 1991 4661 quod

285 4697 481 4763 infinitivum
510 4698 739 4763 enuncisticnis
766 4699 920 4785 primarie
949 4702 1047 4778 (esse),
1076 4722 1144 4785 quie
1171 4700 1258 4764 verbi
1286 4701 1388 4763 forma
1415 4698 1478 4763 hoc
1505 4700 1575 4764 loro
1598 4722 1655 4787 pro
1679 4723 1720 4776 ss,
1743 4720 1807 4764 non
1832 4721 1889 4786 pro
1911 4721 1992 4776 eras,

383 4961 385 4966 ’
421 4980 443 5047 ¹)
462 4979 529 5034 rau
548 4979 676 5043 runnu:
715 4979 744 5034 P.
762 4980 872 5034 neman
890 4978 951 5034 sau
969 4980 1082 5050 hecyra
1102 4979 1180 5034 earn
1199 4979 1280 5034 rest.
