4530 5776
1896 426 1935 488 11

408 603 498 668 Adn.
523 607 553 668 2.
599 601 793 688 Exemplum
816 601 986 678 invenitur,
1011 600 1103 685 cujus
1127 600 1160 665 in
1183 599 1285 687 priore
1308 600 1448 665 membm
1476 612 1597 664 tantum
1612 598 1800 666 adverbium
1815 601 1983 687 respondet

275 751 370 814 quam
397 726 569 814 porticula,
598 725 677 790 Hec.
705 725 771 789 416
800 747 863 789 non
892 723 995 789 lescle
1021 725 1133 801 vate,
1159 723 1329 799 Parmeno,
1357 725 1424 787 dici
1449 733 1549 809 potest
1577 734 1709 799 mutum,
1737 746 1831 809 quam
1854 726 1983 810 reipsa

233 857 240 869 '
276 853 429 937 navipare
454 850 725 925 incommodumst,
748 846 805 912 ubi
827 848 978 912 inusitata
1000 847 1206 934 comparatio,
1231 870 1301 933 quae
1322 870 1377 934 per
1400 857 1523 911 tantum
1546 881 1584 893 -
1611 870 1706 932 quam
1729 847 1900 933 particulas
1923 846 1982 911 hoc

277 975 349 1040 loco
371 996 518 1061 expressa
539 986 597 1050 est,
622 972 779 1060 quomodo
803 983 872 1037 orta
894 972 945 1049 sit,
969 984 1055 1037 recte
1078 971 1218 1039 Thomas
1240 971 1341 1048 docet,
1364 992 1462 1057 quum
1486 969 1581 1035 dicit:
1628 970 1882 1056 ›L'irregnlaritd
1904 970 1983 1035 dans

276 1099 322 1165 les
344 1096 545 1184 expressions
569 1068 773 1162 correlatives
795 1097 878 1161 tient
900 1096 920 1160 l
940 1119 975 1161 oe
999 1119 1061 1182 que
1085 1096 1221 1161 l’suteur
1243 1106 1308 1160 met
1329 1117 1369 1160 en
1392 1107 1521 1182 rapport
1542 1119 1588 1160 un
1611 1094 1707 1159 verbe
1730 1096 1822 1174 (dici)
1844 1118 1920 1160 aveo
1938 1118 1982 1160 un

275 1221 408 1308 adjectis
431 1223 716 1301 (incommodumla
768 1219 841 1285 Uno
872 1231 979 1285 sutem
1006 1220 1075 1284 loco
1105 1219 1254 1285 adverbio
1285 1219 1534 1285 demonstrativo
1561 1217 1677 1283 omisso
1704 1241 1799 1304 quam
1827 1219 1985 1306 particula

275 1346 344 1411 sola
371 1345 510 1433 ponitur,
539 1346 584 1409 its
610 1357 648 1409 ut
669 1343 802 1410 eandem
824 1345 892 1433 fere
914 1316 1178 1431 significationem
1202 1342 1317 1408 habere
1339 1342 1482 1408 videatur
1504 1355 1600 1429 atque
1621 1354 1773 1429 quantum
1795 1340 1981 1408 adverbium

277 1470 357 1535 Hec.
383 1471 448 1534 634
471 1471 547 1533 dum
570 1490 609 1533 ne
630 1469 814 1545 redducam,
839 1469 964 1532 turbent
981 1491 1084 1554 pomo
1106 1490 1201 1552 quam
1223 1467 1331 1543 velint,
1355 1467 1448 1551 cujus
1470 1467 1611 1554 exempli
1633 1467 1668 1531 in
1687 1479 1821 1553 utroque
1839 1466 1982 1549 membro

277 1593 440 1659 invenitur
463 1593 688 1678 conjunctivus
709 1592 915 1658 concessivus.

952 2224 1307 2348 ATQVE.

306 2493 308 2497 ’
410 2476 473 2540 Pro
496 2487 592 2561 atque
613 2473 768 2561 particula
791 2475 888 2538 etiam
911 2496 950 2538 ac
971 2474 1115 2561 usurpari
1137 2475 1221 2538 inter
1243 2495 1350 2538 omnes
1372 2485 1503 2552 constet,
1526 2498 1596 2561 quea
1617 2475 1778 2562 particule
1793 2475 1875 2540 intor
1889 2499 1922 2540 se
1937 2475 1982 2540 its

275 2599 525 2687 distinguuntur,
548 2611 586 2662 ut
608 2622 646 2662 ac
661 2620 831 2684 numquam
847 2597 909 2662 nisi
924 2610 997 2662 ante
1015 2609 1251 2673 consonantem,
1268 2608 1362 2683 atque
1375 2620 1497 2685 semper
1511 2597 1576 2662 fero
1592 2609 1664 2663 ante
1681 2599 1822 2664 vocalem
1837 2613 1894 2665 ant
1907 2613 1980 2665 ante

275 2722 426 2787 vocabula
439 2734 580 2808 ponatur,
592 2743 661 2807 qnae
671 2722 710 2786 ab
718 2721 737 2784 n
746 2734 936 2785 consonante
949 2720 1116 2807 incipiunt.
1141 2720 1583 2808 Quaeparticulaequamquam
1593 2721 1721 2810 proprio
1731 2724 1980 2809 sensuoonjunc·

275 2847 378 2910 tiones
399 2844 590 2932 copulativae
609 2867 677 2909 esse
698 2845 809 2922 solent,
832 2856 937 2909 tamen
955 2844 1116 2909 interdum
1133 2843 1229 2910 etiam
1241 2844 1306 2909 vim
1323 2845 1479 2931 quandam
1492 2846 1736 2933 comparativam
1747 2847 1861 2913 habere
1872 2847 1981 2913 viden·

276 2981 337 3047 tur,
353 2969 398 3034 ita
413 2981 450 3033 ut
464 2969 534 3033 dnae
549 2968 794 3046 enunciationes,
811 2968 978 3055 quainter
993 2991 1026 3033 se
1043 2981 1271 3055 competentur,
1288 2992 1346 3057 per
1359 2992 1411 3034 eas
1423 2970 1667 3057 conjungentur.
1695 2971 1766 3051 Quo
1777 2995 1837 3036 usu
1849 2972 1981 3038 verbum

275 3092 501 3158 enunciationis
529 3116 584 3179 per
611 3103 704 3179 atquc
730 3093 780 3157 vel
804 3116 842 3156 ac
869 3093 1037 3180 particulae
1064 3093 1153 3158 elatae
1179 3116 1301 3179 semper
1328 3092 1361 3157 in
1389 3093 1561 3158 indicativo
1588 3095 1727 3181 ponitur,
1778 3096 1878 3181 Cujus
1906 3120 1981 3162 usus

276 3216 341 3281 duo
362 3238 479 3303 genera
500 3204 637 3281 discerni
660 3229 799 3303 possunt.
846 3216 928 3280 Nam
951 3216 1112 3302 particulae
1133 3217 1196 3280 illae
1219 3215 1259 3279 sd
1282 3217 1433 3281 vocabula
1455 3217 1565 3282 referri
1585 3231 1726 3304 possunt,
1742 3242 1811 3304 quae
1824 3220 1980 3305 quandam

274 3351 331 3404 aut
353 3339 571 3404 similitudinis
593 3352 649 3404 sut
670 3338 938 3404 dissimilitudinis
960 3339 1027 3403 vim
1049 3337 1176 3403 hebent.

413 3463 445 3543 1)
472 3461 614 3527 Primum
642 3462 682 3526 de
707 3462 747 3526 iis
775 3463 927 3550 exemplis
954 3462 1066 3538 dicam,
1094 3464 1128 3526 in
1156 3462 1272 3549 quibus
1299 3475 1393 3549 atque
1420 3465 1574 3549 particula
1595 3465 1634 3529 ad
1657 3467 1813 3532 vocabula
1835 3467 1979 3546 refertur,

276 3609 346 3673 quar
373 3585 538 3651 notionem
567 3584 835 3650 dissimilitudinis
857 3583 984 3661 habent,
1007 3585 1111 3670 qualis
1133 3597 1208 3649 sunt
1230 3587 1324 3663 alius,
1347 3586 1452 3662 aliter,
1477 3587 1640 3665 aliorsum,
1663 3612 1758 3653 secus.
1806 3589 1843 3663 ln
1866 3591 1980 3677 quibus

276 3709 439 3774 vocabulis
461 3732 560 3796 quum
583 3709 632 3773 vis
655 3708 796 3794 quedam
818 3707 1033 3795 comparativa
1053 3708 1154 3773 inesse
1176 3708 1330 3786 videatur,
1354 3720 1447 3795 atque
1468 3711 1657 3797 particulam
1680 3713 1796 3778 svetioe
1819 3723 1862 3778 dn
1884 3715 1980 3781 inter-

276 3845 446 3919 pretamur.

411 3955 442 4035 a)
466 3955 504 4018 ln
527 3969 660 4042 utroque
684 3955 826 4020 membro
848 3954 965 4042 legitur
986 3950 1175 4020 indicativus
1198 3957 1371 4042 presentis:
1396 3956 1511 4022 Heaut.
1537 3959 1602 4023 264
1625 3958 1720 4024 aliter
1740 3971 1826 4024 tuom
1842 3983 1980 4027 amorem

278 4090 371 4165 atquc
393 4089 437 4142 est
460 4081 587 4164 aecipa.
635 4078 764 4145 Phorm.
790 4079 855 4143 684
879 4079 972 4145 aliud
985 4079 1067 4143 milti
1080 4081 1249 4167 respondes
1263 4103 1302 4145 ae
1316 4103 1405 4166 rapo.
1440 4080 1479 4145 In
1494 4083 1597 4170 priore
1613 4095 1720 4148 autem
1735 4084 1877 4149 membro
1893 4086 1981 4151 inve·

277 4203 364 4270 nitur
387 4202 579 4271 indicativus
601 4201 735 4289 perfecti
759 4202 896 4290 Adelph.
922 4203 985 4267 597
1009 4225 1180 4290 numquam
1205 4214 1233 4268 le
1255 4203 1350 4268 aliter
1372 4216 1465 4291 atquc
1487 4228 1518 4270 es
1533 4209 1567 4272 s'n
1582 4209 1724 4273 animum
1739 4210 1854 4273 induci
1867 4233 1979 4274 meum.
2002 4176 2004 4181 Ι

411 4327 445 4407 b)
467 4325 505 4389 In
529 4325 662 4391 relativo
685 4325 827 4390 membro
850 4326 1057 4392 inveniuntur
1078 4339 1220 4415 tempora
1241 4329 1409 4416 praeterita.

412 4452 445 4529 a)
467 4440 505 4514 In
529 4462 666 4536 utroque
688 4450 830 4515 membro
852 4450 972 4537 legitur
994 4451 1184 4516 indicativus
1205 4453 1383 4541 imperfecti
1407 4452 1486 4519 Hac,
1511 4455 1575 4519 375
1600 4477 1697 4541 neque
1711 4478 1783 4521 uoce
1797 4456 1917 4522 aliaue
1932 4481 1980 4523 res

277 4575 423 4639 monebat
446 4576 516 4660 ipsa
535 4585 664 4661 poterat
686 4576 844 4657 conqueri.

411 4695 443 4779 β)
467 4697 504 4760 ln
527 4697 660 4762 relativo
682 4697 825 4762 membro
847 4697 1009 4762 invenitur
1031 4698 1222 4764 indicativus
1244 4699 1387 4787 perfecti.
1435 4701 1470 4766 ln
1494 4702 1596 4788 priore
1611 4714 1716 4767 autem
1732 4702 1875 4768 membro
1891 4726 1980 4768 usur·

278 4832 371 4907 patur
401 4820 624 4904 conjunctivus
650 4821 780 4908 perfecti
802 4821 885 4887 Eun.
914 4822 956 4886 81
979 4844 1089 4888 vereor
1111 4846 1148 4889 ne
1170 4823 1254 4888 illud
1273 4827 1404 4909 pravius
1425 4825 1578 4890 Pladrs'a
1601 4825 1709 4891 tulerit
1732 4849 1806 4892 neue
1828 4826 1980 4891 aliorsum

279 4955 373 5029 atque
395 4965 450 5029 epo
468 4943 538 5031 feci
559 4948 724 5033 acceperit.
771 4945 808 5011 In
832 4946 936 5034 priore
958 4969 1033 5013 vero
1055 4947 1195 5013 membro
1216 4948 1379 5014 invenitur
1400 4946 1579 5016 infinitivus
1601 4950 1736 5037 perfecti
1759 4949 1836 5016 Hec.
1852 4924 1918 5014 Ι365
1934 4973 1979 5037 sq.
