4530 5776
249 433 269 492 4

205 628 299 691 quam
322 606 377 691 qui
400 606 554 689 majorem
577 605 734 692 quandam
757 628 823 668 rem
846 604 978 689 ideoque
1001 605 1096 668 latius
1119 617 1279 690 petentem
1303 604 1531 689 investigarent
1548 629 1647 690 quum
1662 618 1911 670 consentaneum

204 752 270 794 esse
304 730 473 804 videretur,
507 729 612 792 omnia
644 729 799 816 exempla,
831 752 900 813 que
933 726 1059 814 quidem
1092 727 1132 792 ad
1166 751 1236 792 rem
1263 729 1457 816 propositam
1485 728 1689 816 pertinerent,
1716 751 1913 816 quecunque

204 853 313 919 inveni
344 853 437 918 attuli
460 876 562 939 neque
585 853 688 917 ullum
710 851 771 917 nisi
793 851 913 917 invitus
934 865 1029 938 atque
1050 851 1169 917 inscius
1192 852 1339 939 praeterii.
1386 853 1478 931 Quod
1500 875 1598 939 quum
1621 853 1778 929 sederem,
1801 875 1912 938 qnam·

204 1001 298 1065 quam
321 1002 383 1042 uon
407 990 529 1065 poterat
553 976 621 1042 fieri
643 977 720 1065 quin
743 978 902 1064 exempla,
925 976 965 1041 de
986 975 1100 1064 quibus
1120 976 1223 1042 dicere
1246 1001 1310 1042 non
1324 977 1463 1042 mult-um
1478 977 1627 1042 interesse
1641 976 1811 1055 videretur,
1826 999 1912 1064 saepe
2023 1041 2032 1058 ,

205 1104 394 1168 afferrentur
421 1102 554 1188 ideoque
576 1125 641 1166 non
665 1101 744 1167 nihil
767 1101 918 1166 timebam
941 1125 980 1166 ne
1003 1102 1059 1189 qui
1082 1125 1186 1166 meam
1209 1102 1350 1189 legerent
1371 1102 1634 1179 dissertationem,
1657 1101 1815 1188 exemplis
1835 1124 1913 1167 enu-

205 1227 365 1292 merandis
390 1228 480 1311 justo
507 1226 578 1313 plus
604 1226 821 1313 defatigarent,
849 1238 955 1291 tamen
981 1250 1001 1290 e
1023 1249 1138 1312 magna
1159 1224 1216 1290 illa
1237 1226 1460 1312 exemplorum
1483 1225 1575 1312 copia
1596 1224 1751 1291 nonnulla
1770 1224 1912 1312 quidem,

204 1349 348 1438 quamvis
375 1373 477 1437 pauca
503 1363 620 1426 essent,
643 1373 712 1437 quae
734 1350 862 1435 majoris
884 1350 1039 1415 momenti
1062 1373 1098 1414 ac
1120 1349 1266 1437 ponderis
1287 1363 1402 1427 essent,
1424 1349 1494 1414 erui
1515 1372 1605 1437 posse
1627 1349 1803 1437 sperabam,
1825 1349 1912 1437 quod

203 1477 229 1541 si
254 1474 334 1540 mibi
355 1474 532 1561 eontigerit,
556 1497 683 1561 operam
706 1497 801 1562 quam
823 1474 858 1539 in
880 1474 993 1540 harum
1016 1474 1241 1562 particularum
1264 1498 1324 1540 usu
1340 1473 1556 1563 pernoscendo
1570 1473 1765 1561 consumpsi,
1779 1496 1831 1539 me
1844 1496 1912 1539 non

203 1600 322 1665 snrstra
347 1621 477 1664 navasse
496 1598 656 1682 judicabo.
703 1597 827 1663 Deinde
848 1622 947 1685 quum
968 1600 1003 1663 in
1026 1600 1192 1665 comardiis
1214 1600 1347 1665 Terenti
1369 1600 1529 1686 exempla,
1552 1623 1621 1685 que
1643 1598 1767 1686 magnis
1788 1597 1911 1664 labora·

203 1739 274 1789 rent
300 1723 551 1799 difficultatibus,
581 1722 793 1809 pluraquam
821 1723 893 1810 quis
920 1736 1047 1810 putaret
1072 1724 1260 1802 invenirem,
1288 1725 1322 1789 in
1349 1723 1389 1788 iis
1414 1723 1613 1811 explicandis
1639 1720 1912 1810 prestanu‘ssimas

203 1847 478 1935 interpretationes
505 1846 757 1912 doctissimorom
785 1847 936 1926 virorum,
964 1871 1041 1935 quas
1063 1871 1144 1936 aepe
1171 1848 1375 1935 perlegeram,
1398 1846 1479 1912 mibi
1501 1846 1694 1912 adhibendas
1715 1869 1783 1912 esse
1803 1869 1911 1913 censes
1984 1918 1989 1926 .

203 1972 275 2037 bam
298 1984 392 2057 atque
414 1993 455 2036 ex
477 1969 517 2034 iis
540 1971 711 2035 maximam
734 1993 785 2035 me
806 1971 924 2058 cepisse
948 1971 1118 2037 utilitatem
1140 1971 1201 2037 boe
1222 1971 1421 2059 potissimum
1447 1972 1516 2037 loeo
1530 1994 1595 2036 non
1608 1969 1740 2058 negabo.
1786 1969 1912 2049 Quibus

202 2094 513 2182 interpretationibus
536 2094 651 2159 mirum
674 2107 830 2181 quantum
851 2095 980 2179 adjutus
1002 2119 1070 2182 quae
1092 2096 1125 2161 in
1148 2096 1188 2160 iis
1211 2095 1302 2162 utilia
1323 2096 1493 2183 reperirem
1514 2118 1614 2183 quum
1635 2095 1670 2159 in
1689 2117 1783 2160 usum
1802 2116 1910 2159 meum

203 2219 437 2296 convertissem,
466 2219 586 2284 factum
614 2232 673 2295 est,
701 2231 738 2283 ut
763 2218 1039 2306 interpretationes
1065 2220 1136 2285 illas
1163 2220 1198 2285 in
1220 2220 1374 2308 opusculo
1397 2243 1469 2285 meo
1491 2242 1573 2306 saepe
1595 2219 1750 2284 afferrem.
1796 2221 1848 2284 Aa
1869 2241 1911 2284 ne

203 2344 255 2408 eui
283 2343 367 2408 forte
395 2341 456 2407 hoe
483 2341 628 2407 mirabile
655 2363 722 2407 esse
751 2341 920 2420 videretur,
948 2342 994 2408 ita
1020 2343 1099 2409 mihi
1126 2343 1305 2409 faciendum
1332 2344 1455 2431 putavi,
1483 2343 1559 2431 quia
1584 2366 1636 2408 me
1662 2365 1725 2408 non
1746 2364 1820 2407 eum
1842 2363 1910 2406 esse

203 2466 433 2544 existimabam,
462 2466 518 2553 qui
544 2467 693 2553 exempla
720 2465 832 2531 melius
854 2488 949 2551 quam
975 2465 1024 2532 illi
1047 2466 1248 2555 interpretari
1270 2468 1429 2533 auderem.
1481 2466 1637 2547 Quocirca
1659 2489 1711 2532 me
1730 2467 1804 2552 jure
1825 2466 1909 2531 vitu·
2043 2468 2047 2474 '

204 2591 305 2679 pereri
326 2615 390 2657 non
412 2613 504 2678 posse
526 2589 702 2668 credebam,
726 2589 813 2676 quod
838 2591 1109 2678 prestantissimae
1131 2592 1259 2657 illorum
1281 2591 1556 2680 interpretationes
1579 2591 1685 2679 potius
1707 2613 1803 2678 quam
1823 2612 1911 2655 mess

203 2715 383 2781 afferebam.
429 2715 571 2795 Quorum
593 2715 872 2802 interpretatatum
885 2697 969 2780 'libri
991 2738 1050 2781 suo
1072 2717 1145 2782 loco
1168 2718 1348 2782 afferentur.

338 2839 414 2905 Jam
447 2862 521 2904 vero
555 2837 715 2925 quomodo
748 2840 894 2926 exempla
924 2840 957 2905 in
987 2841 1111 2905 ordines
1137 2840 1311 2926 classesque
1337 2863 1432 2926 quam
1460 2839 1581 2927 optime
1607 2839 1783 2927 redigerem
1811 2860 1910 2925 qaum

205 2986 329 3029 mecum
358 2964 538 3050 cogitarem,
569 2963 638 3027 aliis
666 2963 743 3027 locis
769 2962 832 3028 alia
858 2962 1064 3029 fundamenta
1091 2987 1127 3029 ae
1154 2966 1310 3052 principia
1336 2964 1500 3030 divisionis
1527 2963 1608 3028 mihi
1635 2963 1814 3029 adhibenda
1840 2985 1910 3028 esse

204 3087 406 3175 reperiebam.
454 3087 598 3151 Primum
620 3087 763 3152 omnium
786 3088 933 3174 exempla
954 3087 999 3153 ita
1020 3088 1191 3176 digerenda
1213 3090 1387 3169 censebam,
1411 3103 1448 3154 ut
1470 3089 1585 3175 quibus
1599 3086 1764 3176 particulis
1778 3085 1911 3174 singulas

205 3213 444 3277 enunciationes
469 3211 656 3277 efferrentur
683 3211 832 3289 viderem,
856 3213 1057 3298 quemobrem
1080 3214 1219 3301 singulas
1243 3214 1421 3301 particulas,
1445 3213 1552 3301 quales
1574 3225 1650 3278 sunt
1672 3234 1780 3298 qaam,
1802 3222 1909 3298 atque,

204 3349 370 3424 quautam,
392 3338 517 3423 (qaod),
541 3346 586 3411 at,
610 3337 736 3422 (prom,
761 3347 842 3412 atat,
866 3340 1048 3423 uteunque),
1072 3342 1174 3424 quasi,
1199 3350 1372 3425 tamquam,
1395 3339 1429 3403 iu
1444 3337 1577 3425 singulis
1592 3334 1751 3424 capitibus
1766 3334 1909 3402 uectari.

204 3461 327 3527 Deinde
360 3461 516 3548 exempla,
551 3482 688 3546 quorum
715 3460 749 3524 in
771 3459 991 3527 enunciatione
1020 3462 1204 3528 secundaria
1229 3462 1419 3531 indieativus
1447 3462 1620 3549 legebatur,
1649 3483 1841 3548 quamquam
1868 3483 1911 3525 ex

205 3587 328 3652 usitatis
350 3584 478 3673 regulis,
503 3608 572 3671 quae
594 3596 668 3649 sunt
690 3584 729 3648 de
751 3584 971 3651 consecutione
993 3598 1181 3675 temporum,
1205 3611 1268 3653 non
1291 3586 1366 3652 satis
1388 3585 1554 3652 commode
1568 3585 1694 3672 disponi
1710 3606 1802 3672 posse
1817 3583 1909 3649 intel·

204 3710 352 3797 ligebam,
375 3722 482 3774 tamen
506 3709 539 3774 in
561 3709 600 3773 iis
623 3708 843 3774 enumerandis
866 3709 946 3775 ratio
968 3722 1147 3799 temporum
1163 3735 1227 3777 non
1242 3734 1369 3800 prorsus
1384 3711 1574 3799 negligenda
1587 3721 1663 3776 erat.
1703 3707 1786 3773 Nam
1800 3730 1909 3793 quam·

204 3858 299 3923 quam
322 3836 356 3900 iu
379 3833 535 3918 ejusmodi
557 3833 711 3920 exemplis
735 3856 905 3912 connexus,
930 3835 985 3921 qui
1008 3835 1093 3901 inter
1114 3835 1348 3903 enunciationes
1371 3836 1533 3923 primarias
1553 3847 1587 3900 et
1601 3832 1799 3900 aecundarias
1813 3832 1909 3897 inter·

204 3960 343 4036 cedebat,
371 3959 450 4024 alius
478 3981 546 4023 esse
576 3957 743 4022 videbatur
770 3969 865 4044 atque
892 3959 925 4023 iu
953 3960 1120 4048 exemplis,
1148 3984 1281 4047 quorum
1309 3961 1342 4026 iu
1366 3961 1500 4025 relativo
1523 3957 1665 4024 membro
1686 3955 1909 4042 conjunctivus

204 4098 281 4162 erst,
310 4096 413 4149 tamen
441 4105 504 4170 qua
529 4082 651 4147 ratione
673 4076 907 4147 enunciationes
929 4083 991 4148 ille
1013 4084 1097 4150 inter
1120 4107 1153 4150 se
1175 4085 1363 4150 cohererent
1384 4097 1477 4170 atque
1500 4083 1777 4168 conjungerentur,
1801 4093 1908 4146 utrum

204 4206 313 4273 eadem
342 4231 381 4273 an
407 4207 441 4272 in
470 4206 533 4272 slio
561 4206 703 4271 membro
729 4204 790 4271 alia
816 4217 960 4294 tempora
989 4208 1222 4288 adhiberentur,
1251 4231 1315 4274 non
1343 4208 1425 4274 nibil
1452 4209 1603 4273 interesse
1625 4205 1777 4293 putabam
1793 4227 1907 4291 oagno·

205 4355 302 4399 scere.
354 4332 530 4397 Praesertim
560 4353 597 4396 ea
624 4331 770 4417 exempla
796 4329 875 4396 mibi
903 4332 1089 4399 videbantur
1117 4332 1215 4420 digna
1241 4357 1309 4419 quae
1337 4333 1534 4409 afferrentur,
1558 4352 1694 4417 quorum
1717 4329 1751 4395 in
1773 4340 1911 4415 utroque

206 4457 348 4523 membro
381 4455 467 4520 idem
501 4468 628 4542 tempus
655 4456 828 4542 legebatur,
858 4479 921 4543 quo
948 4479 1007 4522 usu
1034 4458 1190 4524 actionem
1219 4459 1384 4547 utriusque
1413 4456 1549 4522 membri
1577 4478 1641 4520 nou
1669 4455 1772 4520 solum
1799 4451 1909 4518 eodem

205 4596 347 4670 tempore
374 4579 452 4657 fieri,
481 4579 536 4645 sed
565 4580 661 4645 etiam
688 4579 832 4664 ejusdem
861 4582 1013 4646 momenti
1038 4605 1075 4646 ao
1103 4582 1251 4669 ponderis
1279 4605 1347 4647 esse
1373 4580 1505 4646 indicari
1533 4578 1665 4660 solet¹).
1712 4578 1789 4658 Quas
1809 4600 1909 4664 quum

339 4790 363 4860 ¹)
385 4790 603 4855 Ennneistiones‚
626 4805 739 4859 quarum
761 4791 790 4846 ln
812 4795 926 4861 utroque
952 4793 1072 4849 membro
1095 4792 1187 4848 eadem
1210 4799 1332 4862 tempora
1353 4793 1534 4857 inveniuntur,
1553 4791 1698 4846 laturam
1716 4795 1745 4845 et
1762 4788 1863 4844 Malles
1880 4788 1909 4842 iu

205 4881 259 4938 duo
280 4895 382 4951 geum
402 4878 592 4937 daemonas
614 4883 770 4953 censente
792 4880 889 4949 quibus
912 4898 995 4937 unum
1017 4882 1170 4951 gementes
1192 4889 1362 4949 »empnam
1380 4883 1476 4942 caasa,
1495 4879 1611 4939 therum
1630 4883 1805 4933 masadam
1822 4881 1908 4931 Situ·

205 4969 351 5040 appellant
387 4967 457 5036 Quid
475 4969 547 5023 inter
564 4983 611 5024 eas
628 4968 829 5024 enunciationes
847 4969 963 5036 intersit,
981 4969 1041 5025 ride
1059 4986 1119 5042 quse
1138 4969 1172 5025 ds
1190 4970 1241 5027 baa
1259 4985 1289 5026 re
1307 4968 1404 5027 docent
1415 4969 1561 5025 Iattmm
1573 4973 1601 5023 et
1612 4967 1725 5024 Mullsr:
1738 4965 1910 5023 lateinisohe

205 5056 456 5131 asumuntur,
475 5058 629 5129 Gottingen,
649 5057 727 5123 1872,
745 5073 771 5128 p.
789 5057 852 5114 287.
