4530 5776
1897 447 1939 512 13

277 647 347 690 nem
370 625 614 691 conditionalem
638 627 777 713 ponitur,
801 626 892 711 cujus
915 647 991 690 usus
1014 647 1113 689 unum
1128 636 1233 690 exstat
1248 625 1431 711 exemplum
1448 624 1524 690 Hec.
1543 624 1608 689 278
1623 648 1698 689 nana
1713 645 1885 708 numquam
1898 623 1984 689 sicus

277 748 376 813 babai
398 747 489 813 iiiam
511 772 550 814 aa
570 751 600 814 si
622 772 659 814 aa
682 771 732 814 ma
753 760 829 815 aaa
850 760 938 813 nata.

412 872 447 955 2)
468 873 594 939 Deinde
617 872 656 938 de
679 872 719 937 iis
742 872 901 961 exemplis
923 871 1036 948 dicem,
1059 869 1094 935 in
1116 870 1230 956 quibus
1253 881 1347 954 atque
1361 870 1516 958 particula
1531 871 1571 937 ad
1587 870 1741 938 vocabula
1755 870 1897 948 refertur,
1914 894 1984 959 quae

277 992 542 1082 significationem
570 995 786 1062 similitudinis
812 994 940 1072 habent,
964 993 1070 1081 qualia
1091 1005 1167 1059 sunt
1189 994 1291 1071 idem,
1306 992 1431 1073 similis,
1455 1013 1550 1078 aque,
1573 996 1707 1082 pariter,
1732 993 1902 1080 taliaque
1923 1016 1984 1059 usu

267 1092 371 1202 ‘atqua
392 1119 511 1183 suetiae
533 1141 601 1183 som
623 1118 875 1206 interpretamur.

408 1241 440 1322 a)
464 1241 503 1306 In
529 1241 661 1308 relativo
685 1242 827 1308 membro
849 1240 966 1328 legitur
988 1239 1178 1306 indicativus
1201 1240 1369 1327 prasentia.
1417 1240 1455 1305 In
1479 1216 1581 1328 priore
1603 1251 1711 1305 autem
1734 1239 1874 1306 membro
1893 1263 1981 1305 usur-

273 1375 368 1452 patur
395 1363 587 1455 indicativus
613 1365 794 1453 imperfecti
817 1363 945 1430 Phorm.
971 1364 1034 1429 581
1060 1375 1089 1429 te
1111 1364 1192 1429 miii
1209 1364 1340 1453 fidelem
1363 1387 1426 1429 esse
1448 1385 1533 1448 aque
1555 1376 1650 1447 atque
1671 1375 1789 1446 syomet
1810 1388 1880 1428 sum
1902 1363 1983 1428 mibi

273 1487 402 1552 sabam.
454 1486 493 1553 In
521 1488 626 1575 priore
652 1511 727 1553 vera
753 1467 895 1554 membro
917 1488 1079 1553 invenitur
1102 1487 1246 1553 futurum
1269 1486 1396 1553 Phorm.
1424 1487 1508 1552 1028
1527 1487 1613 1574 saco
1637 1489 1696 1552 toti
1717 1509 1787 1552 uum
1809 1499 1981 1552 mactatum

274 1621 369 1693 atquc
392 1610 444 1676 bic
465 1623 510 1677 ast
531 1612 722 1699 infortunio.

407 1733 444 1817 b)
465 1735 504 1800 In
526 1735 661 1801 relativo
684 1735 827 1802 membro
849 1735 966 1823 legitur
987 1734 1179 1801 indicativus
1202 1734 1344 1824 perfecti.
1390 1734 1555 1823 inpriore
1577 1746 1683 1800 autem
1702 1734 1844 1801 membro
1859 1734 1980 1800 inveni·

274 1869 327 1922 tur
352 1881 487 1945 praesens
513 1870 569 1925 aut
595 1859 631 1924 in
652 1857 828 1925 indicativo
856 1870 913 1924 aut
934 1858 967 1924 in
992 1859 1195 1944 conjunctivo
1217 1857 1358 1947 positum
1382 1858 1498 1924 Heaut.
1522 1859 1586 1924 265
1610 1881 1685 1923 uam
1707 1869 1737 1923 st
1758 1858 1853 1923 sitast
1875 1859 1982 1923 eadem

276 1992 304 2045 st
327 1983 452 2046 animus
476 1992 506 2047 te
528 2005 604 2069 crya
627 1983 711 2049 idem
735 2004 773 2047 aa
790 1981 872 2068 fait.
918 1980 1047 2048 Phorm.
1074 1983 1138 2048 786
1157 1985 1286 2070 paritas·
1308 2005 1391 2047 urina
1415 2004 1512 2070 opera
1534 2004 1583 2047 mc
1598 1981 1744 2068 adjuvas,
1759 2004 1847 2046 aare
1862 1983 1982 2046 dudam

276 2104 435 2191 opitulata
457 2127 498 2169 cs.
543 2102 612 2170 ibid
636 2105 677 2170 31
701 2102 862 2171 assimili
883 2117 1012 2172 utamur
1029 2106 1168 2193 fortuna
1190 2119 1285 2190 atque
1307 2107 1358 2170 uei
1378 2129 1494 2169 summ.

408 2227 495 2293 Adn.
531 2227 639 2294 Restat
661 2251 736 2294 vero
757 2250 856 2294 unum
872 2229 1065 2318 exemplum,
1082 2229 1173 2315 cujus
1190 2227 1408 2317 interpretatio
1423 2228 1520 2294 dubia
1534 2250 1603 2293 esse
1617 2226 1754 2305 videtur,
1771 2226 1897 2292 Phorm.
1915 2227 1980 2292 368

275 2350 380 2415 videas
408 2361 437 2415 ts
463 2362 558 2434 atqua
585 2350 676 2417 ilium
704 2363 740 2417 at
767 2374 890 2416 narras.
937 2351 976 2417 In
1000 2376 1065 2440 quo
1088 2351 1235 2440 exemplo
1256 2351 1409 2416 Daiatzko
1432 2362 1467 2415 at
1489 2349 1645 2416 vocabulo
1668 2348 1774 2415 deleto
1796 2361 1891 2433 atque
1911 2373 1979 2437 par·

275 2472 406 2538 ticulum
440 2474 574 2560 quadarn
609 2472 826 2541 similitudinis
860 2475 976 2541 vocula
1001 2475 1113 2563 prioris
1139 2473 1274 2540 membri
1300 2474 1414 2539 omissa
1441 2497 1498 2561 pro
1524 2474 1744 2559 conjunctione
1771 2473 1981 2561 comparativa

275 2594 488 2685 accipiendam
511 2610 629 2677 censet,
654 2598 699 2664 ita
720 2611 758 2664 ut
780 2597 861 2664 illud
884 2599 1068 2687 exemplum
1091 2598 1153 2663 hoc
1174 2597 1271 2663 modo
1294 2598 1496 2685 interpretari
1519 2597 1677 2663 videatur:
1699 2608 1834 2684 >megest
1848 2597 1893 2662 du
1907 2596 1979 2662 dich

276 2719 357 2784 doch
381 2718 488 2798 seben,
512 2721 572 2786 wie
596 2720 640 2786 du
660 2723 755 2808 jenen
779 2719 928 2808 (geseben
952 2745 991 2786 zu
1013 2721 1129 2803 baben)
1153 2720 1311 2800 eruthlsta,
1328 2745 1422 2809 quam
1438 2720 1731 2809 interpretationem
1746 2719 1980 2810 approbandam

276 2841 447 2921 existimat,
470 2865 568 2929 quum
590 2843 700 2909 docet:
748 2843 826 2909 »Das
849 2843 1090 2931 vergleicbende
1112 2856 1206 2928 atqua
1228 2845 1311 2910 kann
1336 2843 1415 2910 auch
1439 2844 1523 2910 daun
1546 2843 1647 2923 stehn,
1672 2866 1763 2910 wenn
1785 2844 1829 2910 im
1851 2844 1978 2909 vorausss

275 2928 441 3052 gebenden
471 2964 562 3032 Sotae
576 2936 580 2944 .
594 2964 650 3032 das
677 2966 729 3032 die
755 2945 966 3033 dhnlichkeit
992 2967 1223 3034 bezeichnende
1252 2967 1345 3034 Wort
1371 2992 1433 3034 nur
1458 2991 1515 3034 aus
1538 2969 1611 3034 dem
1638 2967 1914 3056 Zusammenbang
1941 2992 1980 3033 zu

276 3100 428 3176 crgtnzen
450 3089 505 3155 ist»
513 3088 551 3171 ¹),
575 3090 666 3176 cujus
688 3112 764 3155 usus
787 3113 886 3156 unum
910 3092 1093 3180 exemplum
1116 3090 1301 3157 Plautinum
1324 3093 1417 3157 affert
1438 3091 1551 3157 Bacch.
1574 3090 1617 3171 V,
1633 3092 1697 3156 549
1714 3111 1805 3175 quem
1820 3115 1882 3157 aaa
1896 3093 1979 3156 omi-

276 3236 345 3277 cum
378 3225 467 3278 ratus
486 3237 563 3278 -sum
590 3225 685 3298 atque
711 3215 799 3302 ipssa
825 3237 895 3279 sani
917 3214 1007 3280 mibi.
1048 3215 1123 3281 ‹Jam
1147 3238 1242 3302 supra
1263 3215 1396 3280 allatum
1418 3228 1467 3280 est
1487 3215 1669 3304 exemplum
1693 3215 1835 3300 ejusdcm
1858 3215 1981 3302 generis

276 3336 378 3401 Andr.
403 3337 465 3402 841
491 3348 520 3403 at
547 3339 650 3403 necao
673 3340 730 3424 qai
753 3338 813 3403 tibi
833 3361 904 3403 cum
927 3337 1044 3403 obiitus
1067 3310 1171 3416 bodie,
1195 3361 1233 3403 aa
1255 3339 1352 3416 volui,
1376 3340 1490 3416 dicare,
1513 3339 1548 3403 in
1570 3361 1633 3425 quo
1654 3338 1801 3426 exemplo
1816 3337 1980 3425 particula,

275 3460 315 3525 ad
338 3483 433 3547 quam
455 3470 550 3544 atqrw
571 3461 753 3546 conjunctio
776 3460 920 3540 refertur,
945 3461 1060 3526 omissa
1082 3474 1140 3528 est.
1188 3462 1296 3527 Aliam
1311 3475 1417 3527 autem
1432 3462 1720 3551 interpretationem
1736 3461 1862 3527 Sloman
1877 3462 1980 3539 affert,

275 3583 330 3670 qui
357 3595 451 3667 atquc
477 3606 535 3668 pro
565 3584 787 3670 conjunctione
810 3584 989 3671 copulativa
1011 3584 1234 3672 accipiendum
1256 3585 1440 3651 existimans
1464 3584 1647 3675 exemplum
1669 3585 1732 3650 boc
1755 3585 1851 3651 modo
1872 3585 1980 3651 vertit:

276 3729 434 3794 »compare
460 3707 607 3794 yoursels
629 3707 691 3772 and
718 3706 787 3772 him
812 3707 978 3795 according
1000 3720 1033 3773 to
1054 3731 1135 3794 your
1157 3720 1302 3787 account,
1326 3709 1347 3773 i.
1371 3733 1399 3774 e.
1424 3708 1511 3775 what
1534 3732 1552 3774 a
1573 3722 1714 3775 cont-rost
1736 3710 1879 3775 between
1902 3709 1982 3775 such

275 3854 315 3895 an
339 3830 496 3896 excellant
518 3853 591 3895 man
614 3854 647 3896 as
669 3852 735 3918 you
758 3830 898 3898 describe
921 3830 982 3897 and
1004 3854 1023 3895 a
1044 3831 1142 3896 rascsl
1166 3831 1231 3896 like
1253 3830 1452 3918 yourscls›¹).
1499 3830 1675 3921 Utramque
1697 3856 1773 3897 vero
1794 3832 1981 3921 interpreta-

276 3953 405 4030 tionem,
439 3976 538 4040 quum
572 3955 731 4042 optimum
764 3955 900 4043 praebeat
931 3977 1068 4032 sensum,
1101 3952 1179 4019 mihi
1211 3952 1403 4020 afferendam
1431 3978 1497 4021 esso
1522 3956 1632 4045 putavi
1659 3979 1763 4044 neque
1790 3954 1884 4022 facile
1910 3955 1981 4044 quis

276 4075 404 4154 dixerit,
429 4089 500 4142 utra
521 4076 564 4144 sit
585 4077 789 4176 preferenda.

275 4392 355 4459 1874,
408 4304 484 4448 ’ἔθα
507 4304 651 4362 Datame:
689 4304 879 4376 Ansgsuahlte
901 4305 1052 4362 Komodlen
1069 4306 1117 4362 des
1134 4306 1164 4361 P.
1183 4304 1328 4364 Terentina
1345 4307 1420 4374 Ater,
1439 4312 1525 4364 crates
1543 4306 1697 4374 Bardines,
1716 4307 1851 4374 Phormio,
1869 4308 1981 4379 rapat«

374 4410 401 4463 p
456 4433 463 4449 .

409 4478 433 4550 ¹)
451 4483 485 4537 A.
504 4481 625 4539 Sloman:
643 4482 675 4538 P.
691 4481 804 4538 Terenti
822 4481 957 4550 Phormio,
976 4482 1080 4539 Oxiord
1098 4484 1176 4551 1887,
1195 4502 1222 4556 p.
1241 4485 1302 4540 lte
