4530 5776
324 404 366 471 31

274 584 312 649 ad
340 584 425 671 quod
450 587 596 672 pertinet,
621 588 735 652 omisso
758 588 827 674 ip'aa
849 611 904 674 per
927 610 959 651 se
982 587 1083 674 posita
1106 587 1177 652 vice
1201 586 1342 652 adverbii
1365 585 1521 672 fungitur,
1545 586 1590 653 ita
1613 599 1650 651 ut
1671 587 1797 672 singula
1820 587 1984 667 vocabula,

275 732 339 774 non
366 709 611 789 enunciationes,
641 711 728 776 inter¹
744 721 782 777 ‘se
810 720 866 798 per
892 736 961 777 eam
985 724 1217 799 comparentur.
1266 711 1408 776 Primum
1431 711 1496 776 duo
1518 712 1716 777 substantiva
1737 712 1819 777 in'ter
1842 720 1876 776 se
1899 735 1984 777 com·

276 846 425 920 parantur
463 834 512 899 his
546 835 580 901 in
614 836 782 923 exemplis:
841 835 958 901 Hecut.
993 835 1059 900 885
1091 837 1228 921 paudere
1260 837 1344 933 adeo·
1367 838 1457 922 eoepit
1489 838 1581 922 quari
1609 838 1664 919 qai
1690 838 1819 922 copiunt
1847 839 1984 922 nuptiae

273 957 415 1044 Adelph.
446 959 509 1023 536
537 960 654 1023 bomiri
679 960 751 1026 ilico
778 961 924 1025 lacrumo
945 962 1059 1024 eodum
1082 962 1174 1042 quasi
1191 982 1292 1045 puero
1311 961 1439 1044 paedia.
1487 959 1561 1024 Hoc
1583 960 1652 1024 loco
1675 982 1737 1026 non
1761 960 1899 1024 alienum
1923 961 1985 1024 erit

277 1082 426 1169 exempla
452 1082 574 1161 afferre,
599 1084 632 1146 in
656 1083 770 1169 quibus
794 1087 886 1170 qoam'
909 1085 1061 1170 particula
1085 1082 1124 1148 ad
1147 1084 1371 1150 similitudines
1394 1083 1567 1149 afferendae
1590 1096 1768 1170 usurpatur,
1792 1084 1884 1167 eujus
1907 1092 1983 1149 usus

276 1207 337 1270 tria
369 1207 515 1294 exempla
547 1207 764 1273 inveniuntur:
812 1207 952 1273 Phorm·
971 1211 1012 1272 71
1042 1209 1184 1273 obeuntes
1211 1208 1301 1274 ambo
1328 1208 1397 1272 birro
1424 1219 1490 1275 tam
1517 1230 1598 1272 emer
1626 1230 1674 1270 me
1695 1207 1780 1294 filiis
1807 1207 1982 1290 relinquent

273 1333 366 1415 quasi
387 1334 582 1415 mopietrom.
627 1332 709 1395 Eun.
737 1334 822 1396 1024
845 1344 958 1417 epomet
981 1334 1184 1398 meoiudicio
1207 1335 1413 1417 miserqaosi
1433 1353 1520 1396 rerer
1534 1333 1623 1396 bodie
1634 1334 1728 1418 perii.
1759 1330 1898 1415 Adelph.
1917 1331 1982 1396 534

274 1476 368 1538 quom
387 1455 661 1540 semimarem,
684 1467 748 1519 tom
767 1456 932 1542 plom'dum
955 1460 1048 1543 quasi
1069 1480 1152 1522 orem
1167 1458 1271 1520 reddo.
1310 1455 1432 1520 Deinde
1448 1459 1540 1542 quasi
1555 1456 1707 1543 particula
1721 1469 1794 1521 ante
1809 1455 1986 1520 ablativum

275 1577 456 1643 absolutum
484 1580 612 1666 ponitur
639 1579 779 1666 Adelph.
809 1581 875 1644 773
902 1584 936 1644 a'n
962 1583 1034 1668 apae
1061 1581 1154 1645 turbo
1182 1593 1278 1664 etque·
1297 1583 1331 1644 io
1350 1591 1474 1666 peccaro
1497 1603 1647 1647 moeumo,
1667 1616 1709 1626 -
1728 1582 1858 1666 potasti,
1879 1579 1985 1651 aceiae,

275 1706 368 1786 quari
389 1726 423 1767 re
446 1704 516 1768 berre
535 1715 631 1788 peste.
678 1703 753 1768 Post
775 1707 867 1790 quasi
889 1705 1040 1791 particula
1062 1717 1134 1769 ante
1157 1705 1343 1780 locutiones,
1366 1727 1435 1791 quae
1459 1704 1529 1768 loco
1553 1704 1773 1769 adverbiorum
1793 1716 1877 1780 suat,
1894 1725 1985 1770 usur·

277 1840 369 1912 parur
397 1827 480 1891 Eun.
510 1828 574 1891 840
603 1830 690 1914 opud
716 1829 924 1914 Antiphonem
951 1840 1086 1910 uterque,
1114 1840 1213 1892 mater
1239 1838 1267 1891 et
1290 1840 1393 1914 pater,
1423 1831 1515 1911 quoti
1536 1829 1641 1892 dedito
1662 1849 1757 1914 opero
1779 1829 1864 1890 domi
1882 1838 1984 1895 ,oraret

277 1951 376 2016 Andr.
400 1953 472 2015 417·
491 1954 582 2036 quoti
603 1954 641 2016 de
663 1954 831 2039 improviso
854 1954 968 2038 respice
990 1954 1033 2015 od
1055 1976 1133 2016 eum.

299 2117 306 2131 ι
409 2075 443 2156 1))
466 2075 591 2140 Deinde
614 2078 707 2160 quasi
729 2077 881 2162 particula
903 2098 1141 2163 nonnumquam
1163 2088 1235 2139 ante
1258 2075 1384 2162 singula
1405 2075 1560 2140 voeabula
1582 2073 1731 2140 audacius
1753 2097 1848 2160 quam
1863 2087 1985 2161 par'est

272 2198 360 2264 dicta
386 2221 424 2262 eo
452 2199 584 2287 consilio
613 2200 754 2285 ponitur,
781 2213 819 2264 ut
845 2199 1007 2264 vocabulis
1035 2200 1099 2263 illis
1126 2199 1258 2263 nimiam
1282 2200 1347 2262 vim
1371 2198 1604 2285 quodammodo
1628 2199 1743 2276 demat,
1769 2223 1833 2286 qua
1854 2199 1983 2264 notione

275 2322 412 2409 Georges
426 2322 451 2401 ¹)
475 2325 566 2406 quasi
588 2323 775 2410 particulam
796 2324 976 2410 germanice
989 2323 1164 2408 gleichsam,
1179 2326 1243 2386 eine
1258 2327 1319 2386 Art
1335 2345 1392 2387 ooo
1406 2325 1641 2410 interpretatur.
1677 2324 1777 2409 Cujus
1793 2346 1867 2388 usus
1884 2346 1982 2388 unum

274 2459 380 2512 'exstat
402 2446 584 2533 exemplum
607 2448 708 2512 Andr.
734 2449 778 2512 44
800 2469 874 2511 nam
896 2450 979 2511 istoeo
1001 2450 1246 2511 commemoratio
1269 2451 1360 2530 quasi
1375 2449 1600 2534 reprobrotimt
1616 2450 1790 2512 immemori
1804 2449 1935 2535 benefici.

407 2570 437 2652 c)
462 2570 540 2635 Po'st
562 2573 655 2657 puori
676 2571 830 2658 particula
851 2584 924 2637 ante
947 2570 1120 2636 numeralia
1142 2571 1278 2658 ponitur,
1303 2594 1365 2657 qua
1387 2571 1517 2637 notione
1539 2575 1632 2657 quari
1653 2573 1833 2657 germanice
1849 2572 1983 2648 beiaobe,

274 2693 429 2781 anpefdbr
450 2695 702 2781 interpretamur.
749 2695 849 2780 Cujus
873 2718 949 2760 usus
970 2706 1069 2759 unum'
1092 2695 1255 2760 invenitur
1278 2696 1461 2782 exemplum
1485 2695 1600 2761 Heaut.
1629 2695 1690 2760 145
1712 2698 1876 2761 mercedem
1892 2697 1984 2778 qaoei

274 2816 389 2881 taleme
415 2818 459 2880 od
486 2819 660 2902 quindecim
688 2822 779 2903 coepi,
805 2819 839 2883 in
866 2841 928 2903 quo
955 2818 1100 2905 exemplo
1129 2818 1231 2903 primo
1258 2833 1386 2904 aspectu
1414 2821 1599 2905 tautologia,
1623 2843 1693 2906 quae
1717 2832 1856 2896 vocatur,
1880 2820 1983 2883 inesse

274 2940 411 3018 videtur,
441 2962 541 3028 quum
568 2943 659 3024 quari
680 2953 714 3006 et
735 2943 778 3005 od
800 2941 960 3028 particulae
982 2940 1066 3028 apud
1090 2941 1264 3006 numeralia
1287 2942 1397 3028 positar
1421 2943 1552 3007 eandem
1575 2943 1642 3006 fere
1666 2944 1732 3006 vim
1755 2942 1870 3007 habere
1895 2941 1983 3006 vide-

274 3075 375 3131 antur.
422 3065 504 3145 Quae
532 3065 660 3130 dicendi
681 3066 763 3130 ratio
786 3077 894 3130 tamen
917 3063 1107 3142 nonhabet,
1132 3063 1216 3151 quod
1240 3064 1441 3142 offendatsi
1464 3065 1681 3151 interpretatio
1705 3065 1862 3150 probatur,
1887 3089 1985 3151 quam

276 3188 367 3253 West
388 3189 432 3276 (p.
459 3189 537 3270 217)
561 3190 669 3254 affert:
687 3191 779 3274 quari
794 3189 871 3255 with
887 3189 1101 3256 numerals:
1119 3188 1252 3253 ›abouta
1274 3190 1317 3252 od
1333 3187 1412 3253 with
1428 3188 1585 3254 numerals
1600 3187 1752 3253 indicates
1768 3211 1808 3253 an
1823 3188 1985 3274 approach

273 3325 309 3377 to
331 3312 386 3377 the
409 3311 542 3377 number
566 3312 678 3388 stated,
703 3312 761 3377 but
784 3312 965 3398 something
988 3312 1053 3376 still
1076 3310 1180 3375 below
1202 3313 1238 3376 it.
1264 3315 1355 3398 quasi
1378 3313 1430 3390 ad,
1456 3310 1662 3377 ›somewhere
1685 3328 1784 3376 near».

277 3483 279 3488 ι
408 3436 494 3500 Adn'.
524 3437 554 3500 1.
604 3435 719 3501 Paucis
745 3435 780 3500 in
806 3435 962 3522 exemplis
984 3435 1096 3501 eodem
1118 3435 1186 3500 fera
1209 3434 1314 3512 mod'o,
1339 3458 1402 3521 quo
1424 3447 1460 3499 at
1481 3435 1664 3520 conjunctio
1687 3447 1867 3520 usurpatur,
1892 3436 1986 3519 quasi

273 3560 429 3647 particula
449 3570 522 3625 ante
544 3558 789 3644 conjunctiones
811 3559 1002 3645 temporales
1025 3559 1164 3646 ponitur,
1187 3559 1234 3623 ita
1257 3571 1293 3622 ut
1315 3557 1553 3624 enunciationes
1576 3576 1631 3645 per
1644 3560 1738 3644 queri
1754 3558 1809 3621 ubi
1824 3558 1876 3620 vel
1892 3559 1985 3642 quoti

274 3704 367 3767 quom
391 3683 560 3770 particulas
584 3682 765 3748 efferantur.
814 3683 956 3748 Primum
980 3685 1071 3769 quari
1087 3704 1179 3768 quom
1195 3682 1355 3768 particule
1370 3680 1730 3766 inveniuntur'Adelph.
1750 3680 1812 3745 739
1830 3684 1876 3745 ito
1891 3682 1983 3744 citaat

274 3808 442 3883 bominum,
474 3809 565 3890 qooaa'
596 3830 689 3893 quom
721 3806 812 3870 iader
844 3809 970 3871 tesaem'a
1026 3805 1140 3871 Heaut
1174 3805 1238 3870 318
1266 3807 1312 3868 ito
1339 3828 1387 3870 res
1415 3817 1457 3869 est
1486 3806 1548 3869 boc
1575 3827 1654 3868 aare
1682 3806 1774 3891 quasi
1803 3825 1904 3888 quom,
1929 3802 1986 3867 ubi

274 3944 383 3997 tamen
404 3932 584 3997 enunciatio
606 3954 662 4019 per
684 3931 895 4019 aposiopesin,
920 3955 1015 4020 quarn
1039 3943 1162 4009 vocant,
1186 3929 1436 4016 interrumpitur.
1483 3928 1606 3994 Deinde
1630 3932 1722 4014 quari
1745 3930 1800 3992 ubi
1823 3928 1984 4016 particulae

276 4068 466 4143 usurpentur
489 4055 571 4120 Eun.
597 4056 661 4119 406
686 4057 777 4142 quasi
799 4056 854 4119 obi
876 4055 966 4120 illam
989 4066 1133 4142 expueret
1155 4057 1314 4119 miseriam
1337 4077 1374 4118 eu
1396 4056 1509 4117 animo.
1554 4053 1624 4118 Uno
1639 4066 1745 4118 autem
1763 4053 1830 4117 loco
1848 4051 1986 4139 Spench
2061 4109 2064 4114 .

276 4183 368 4267 quasi
389 4183 417 4244 si
440 4179 612 4267 legendum
635 4194 743 4245 censet
767 4179 866 4244 Andr.
889 4180 955 4263 ‚548
980 4182 1072 4268 quasi
1094 4182 1122 4241 si
1144 4178 1202 4242 illa
1225 4190 1280 4242 tua
1303 4180 1343 4240 sit
1366 4177 1587 4264 Pamphilique
1610 4200 1662 4262 epo
1685 4181 1745 4240 aim
1762 4189 1867 4264 poter,
1891 4198 1986 4261 quam

277 4306 492 4390 conjecturam
516 4304 620 4390 (quasi
643 4305 682 4384 si)
706 4303 853 4391 exemplo
876 4302 1025 4368 Plautino
1047 4303 1131 4385 (Cas.
1156 4303 1236 4389 prol.
1260 4301 1318 4386 46)
1341 4302 1457 4366 collato
1480 4301 1693 4389 accipiendam
1718 4324 1785 4365 esse
1810 4312 1910 4387 putat.

413 4429 500 4493 Adn.
537 4431 567 4492 2.
619 4429 738 4507 Restat,
767 4441 804 4493 ut
830 4428 870 4493 de
899 4426 1100 4505 correlativis,
1129 4438 1200 4513 qum
1227 4439 1392 4501 vocantur,
1421 4426 1592 4504 adverbiis,
1618 4449 1686 4511 qnae
1708 4427 1802 4510 quom
1825 4422 1988 4510 particulae

277 4564 517 4637 nonnumquam
540 4553 740 4639 respondent,
765 4575 867 4640 pauca
887 4550 1012 4628 addam,
1036 4551 1141 4638 qualia
1162 4550 1325 4616 adverbia
1334 4552 1479 4637 proinde,
1501 4553 1556 4626 ita,
1580 4551 1665 4625 odeo,
1689 4560 1754 4613 tom
1768 4548 1985 4613 inveniuntur.

280 4677 421 4740 Primum
441 4677 575 4761 proinde
597 4675 782 4740 adverbium
805 4676 922 4762 legitur
946 4674 1071 4739 Phorm.
1097 4676 1161 4740 382
1181 4677 1316 4762 proinde
1338 4678 1504 4760 eapieoare,
1528 4676 1620 4758 quasi
1643 4695 1702 4736 noo
1722 4694 1829 4736 nosses.
1868 4671 1987 4735 Exem-

413 4938 435 5004 ι)
454 4938 487 4993 ιι
507 4937 539 4993 n.
556 4939 688 5006 osorem
726 4937 1042 4992 minan-neumas
1061 4935 1318 4998 manseramus,
1336 4933 1544 5003 respersisse,
1563 4933 1598 4998 11,
1617 4950 1643 5003 ρ.
1664 4935 1741 4989 mre.
1824 4939 1827 4944 ·
1881 4937 1886 4946 ·
