4530 5776
1917 448 1936 508 5
1983 424 1993 446 ,

275 647 369 688 causa
395 637 486 695 esset,
515 647 572 688 cur
598 623 637 698 de
664 598 823 709 ejusmodi
846 622 1000 709 exemplis
1022 621 1180 709 copiosius
1202 621 1350 699 dicerem,
1375 645 1411 686 ea
1434 622 1478 687 ita
1500 622 1695 710 disponenda
1718 623 1835 699 curavi,
1860 635 1897 687 ut
1920 622 1981 709 pri·
2086 691 2091 702 ,

274 771 362 812 mum
386 771 454 834 quae
478 760 618 835 tempora
639 746 672 812 in
695 745 826 812 relativo
849 747 999 823 membro,
1023 745 1137 811 deinde
1160 757 1267 811 utrum
1291 746 1401 811 eadem
1426 769 1466 810 an
1489 746 1550 810 alia
1572 758 1712 833 tempora
1734 745 1773 824 in,
1788 745 1981 811 demonstra·

275 872 341 936 tivo
374 871 519 936 membro
553 869 778 962 adhiberentur
811 883 996 958 spectarem.
1046 870 1131 934 Tum
1158 893 1257 956 quum
1286 871 1324 936 ad
1352 871 1506 958 exempla,
1535 893 1671 956 quorum
1698 870 1732 935 in
1758 871 1980 937 enunciationc

275 995 457 1061 secundaria
484 995 709 1081 conjunctivus
736 995 908 1082 legebatur,
932 994 1141 1060 enumeranda
1163 995 1340 1072 transirem,
1364 995 1425 1060 alia
1447 994 1527 1060 ratio
1550 993 1824 1072 adhibendam,
1848 996 1924 1082 quia
1944 996 1978 1060 in

274 1119 313 1184 iis
340 1131 413 1207 apte
442 1119 621 1205 digerendis
649 1143 719 1206 quae
747 1119 911 1206 qualisque
939 1132 1021 1184 esset
1048 1131 1230 1207 temporum
1253 1119 1443 1195 consecutio,
1468 1118 1547 1183 milri
1569 1131 1637 1183 erat
1659 1119 1840 1184 videndum.
1888 1120 1981 1200 Quod

275 1215 320 1327 ut·
332 1245 502 1320 efficerem,
527 1243 607 1308 mihi
630 1243 675 1308 ita
696 1243 876 1309 faciendum
901 1245 1060 1332 putabam,
1081 1256 1118 1308 ut
1133 1243 1271 1330 primum
1287 1267 1356 1330 quae
1371 1255 1513 1330 tempora
1527 1243 1561 1307 in
1578 1243 1824 1308 demonstrativo
1841 1245 1981 1309 membro

274 1367 499 1445 invenirentur,
528 1367 640 1433 deinde
669 1391 739 1454 quae
765 1379 907 1455 tempora
933 1369 1058 1434 relativi
1081 1366 1215 1433 membri
1236 1392 1309 1434 curn
1331 1368 1395 1432 illis
1418 1380 1638 1455 congruerent,
1663 1391 1731 1454 quae
1754 1368 1885 1433 fortasse
1907 1392 1980 1434 cum

274 1492 337 1556 illis
364 1492 577 1579 discreparent
605 1491 812 1568 ostenderem,
841 1514 882 1556 ex
904 1515 966 1577 quo
988 1492 1141 1556 facillime
1168 1492 1304 1579 intelligi
1326 1504 1457 1579 poterat,
1482 1489 1597 1578 quibus
1620 1491 1652 1557 in
1676 1492 1831 1579 exemplis
1854 1493 1978 1578 regule,

274 1640 344 1703 quae
367 1629 440 1680 sunt
462 1616 501 1680 de
523 1616 744 1681 consecutione
766 1628 954 1703 temporum,
978 1628 1185 1693 servarentur,
1209 1615 1242 1680 in
1266 1615 1381 1702 quibus
1397 1616 1640 1702 negligerentur.
1687 1615 1850 1681 Postremo
1865 1617 1979 1703 quibus

274 1742 478 1818 correlativis,
508 1764 577 1828 quse
604 1753 768 1819 vocantur,
797 1740 953 1806 adverbiis
980 1741 1219 1825 conjunctiones
1246 1740 1465 1827 comparativa
1490 1740 1728 1828 responderent,
1751 1763 1850 1827 quum
1875 1754 1977 1806 osten·

273 1864 346 1930 dere
380 1866 509 1943 vellem,
538 1865 623 1930 aliud
651 1864 894 1930 fundamentum
920 1888 958 1929 ac
986 1864 1176 1952 principium
1204 1864 1368 1929 divisionis
1395 1863 1610 1929 adhibendum
1640 1856 1717 1929 eret.
1766 1864 1978 1944 Quamobrem

170 2042 174 2049 .
274 2012 372 2077 quum
396 1989 542 2076 exempla
564 1988 633 2053 aliis
655 1989 735 2053 locis
757 1987 819 2053 ulis
841 1988 962 2053 ratione
985 1986 1181 2075 disponenda
1204 2011 1271 2053 csse
1295 2000 1448 2076 putarem,
1472 1989 1594 2053 t'actum
1616 1981 1674 2066 est,
1691 2001 1728 2053 ut
1742 2011 1977 2076 nonnumquam

274 2114 313 2178 de
336 2112 446 2178 codem
469 2113 618 2200 exemplo
641 2112 724 2178 binis
745 2113 824 2177 locis
847 2112 1031 2199 singulatim
1054 2112 1203 2176 dicerem.
