4530 5776
1760 456 1802 519 33

146 629 235 716 plum
264 642 380 708 autem,
407 629 491 716 quod
515 653 578 713 prae
600 629 713 696 ceteris
737 630 869 718 dignum
892 641 958 695 ease
982 631 1118 710 videtur,
1142 631 1225 717 quod
1249 631 1460 708 observemus,
1484 631 1646 696 iuvenitur
1669 630 1784 697 Heaut.
1811 632 1851 696 65

142 755 279 838 prolude
299 756 395 839 quasi
415 776 502 818 nemo
524 755 591 831 sict,
613 757 659 818 ita
683 765 746 818 tuta
768 765 878 818 attente
900 730 1027 818 {domem
1049 755 1152 842 officia
1170 754 1313 840 suuqarc,
1336 755 1371 818 in
1385 777 1449 841 quo
1464 755 1610 842 exemplo
1626 754 1690 820 duo
1707 754 1857 821 adverbia

148 878 302 962 (pmiuda,
325 879 384 956 ita)
407 876 570 964 particulae
592 877 789 964 respondent.
836 878 958 943 Deinde
981 881 1026 942 ita
1049 877 1232 943 adverbium
1249 877 1371 944 duobus
1386 878 1465 943 locis
1480 879 1640 943 invenitur
1656 877 1771 943 Heaut.
1789 878 1854 943 318

146 1002 193 1062 ita
215 1022 264 1063 rea
286 1011 328 1063 eat
350 1001 412 1064 baec
434 1023 515 1064 nuuc
539 1003 631 1087 qumi
653 1023 755 1087 quom.
801 999 941 1088 Adelph.
967 1001 1030 1065 739
1052 1005 1098 1066 ita
1112 1005 1204 1066 tritaet
1220 1003 1389 1080 bominum,
1405 1004 1497 1088 quasa¹
1512 1025 1605 1088 quam
1622 1002 1713 1066 ludar
1728 1005 1855 1067 tesseris.

147 1123 232 1188 Tum
258 1124 335 1187 adeo
362 1123 548 1189 adverbium
576 1137 745 1211 usurpatur
772 1123 889 1189 Heaut.
919 1124 983 1189 885
1009 1098 1131 1209 qaudeo
1158 1127 1234 1189 adeo
1262 1129 1351 1211 capit
1375 1129 1467 1210 quaaa'
1490 1129 1545 1212 qui
1567 1129 1696 1212 cupiunt
1718 1129 1854 1211 nuptiae.

148 1246 310 1311 Postremo
338 1259 404 1311 tam
431 1247 616 1313 adverbium
638 1247 805 1313 adhibetur
829 1247 966 1335 Adelph.
992 1248 1057 1312 534
1081 1270 1175 1334 quom
1193 1248 1292 1334 seruit
1314 1270 1468 1325 utacume,
1491 1261 1556 1313 tam
1573 1249 1738 1335 placidum
1763 1252 1856 1335 quasi

147 1392 231 1434 anau
253 1371 361 1446 reddo,
383 1371 416 1434 in
439 1394 504 1457 quo
527 1372 675 1459 exemplo
698 1372 762 1436 duo
785 1370 979 1436 observanda
1001 1394 1068 1436 csse
1090 1371 1247 1450 videntur,
1264 1372 1501 1459 primumquod
1517 1385 1582 1436 tam
1598 1371 1748 1437 adverbio
1763 1375 1856 1457 quasi

147 1493 329 1578 conjunctio
350 1495 531 1581 respondet,
555 1518 653 1582 quum
677 1495 747 1561 aliis
769 1495 802 1559 in
825 1495 979 1582 exemplis
1002 1517 1098 1581 quam
1121 1496 1306 1580 conjunctio
1328 1508 1507 1582 usurpatur,
1531 1495 1643 1560 deinde
1666 1495 1752 1584 quod
1773 1518 1856 1560 avan

147 1618 357 1682 sustantivum
381 1641 436 1705 per
458 1619 688 1697 attractionem,
713 1641 808 1705 quam
831 1630 957 1696 vocant,
980 1618 1014 1683 in
1037 1618 1215 1683 accusativo
1239 1618 1376 1705 ponitur,
1401 1641 1500 1704 quum
1523 1619 1757 1683 substantivum
1772 1617 1854 1683 illud

146 1741 180 1804 in
203 1740 422 1807 enunciatione
445 1764 501 1829 per
524 1764 620 1827 quam
645 1743 831 1828 perticulam
852 1742 935 1807 elata
957 1742 990 1806 in
1014 1741 1207 1807 nominativo
1230 1741 1305 1828 poni
1331 1753 1446 1828 potest,
1463 1743 1508 1807 ita
1524 1754 1560 1806 ut
1576 1742 1758 1828 exemplum
1774 1742 1854 1806 illud

146 1865 204 1929 hoc
226 1867 320 1930 modo
343 1866 495 1953 explicari
518 1866 634 1952 possit:
659 1877 724 1930 tam
742 1864 907 1952 placidum
930 1867 1035 1942 reddo,
1059 1887 1155 1952 quam
1178 1868 1242 1929 ocia
1264 1877 1316 1941 est,
1339 1866 1422 1951 quod
1446 1865 1539 1951 quale
1563 1865 1614 1942 sit,
1637 1864 1753 1930 Plessis
1769 1878 1854 1931 recte

144 1989 241 2066 videt,
283 2013 382 2076 quum
422 1989 487 2053 haec
520 1989 627 2055 docet:
663 2011 860 2075 ›remarquez
894 1992 1002 2088 quam'¹
1020 2013 1060 2085 au
1093 1989 1157 2067 lieu
1191 1987 1232 2073 de
1266 2012 1371 2073 quam,
1407 2001 1439 2053 et
1472 1988 1648 2053 l'aacusatif
1680 2012 1761 2052 cumn
1797 2012 1853 2076 par

145 2113 338 2177 camacum».

739 2987 1267 3112 TAMQVAM.

282 3342 490 3407 Notisaimum
527 3354 576 3407 est
613 3353 677 3405 tam
706 3353 739 3407 et
761 3363 858 3427 quam
885 3341 1055 3428 particulas
1083 3341 1129 3406 ita
1157 3342 1309 3428 conjungi
1336 3364 1438 3428 posse,
1468 3353 1505 3406 ut
1533 3341 1666 3406 exsistat
1696 3353 1858 3427 tamquam

141 3487 223 3531 nova
246 3466 368 3545 vocula,
392 3488 461 3552 quae
482 3477 516 3531 et
537 3465 605 3552 ipsa
627 3465 696 3530 vice
719 3463 953 3549 conjunctionis
976 3464 1195 3552 comparative
1214 3465 1369 3551 fungitur,
1385 3487 1484 3552 quum
1500 3477 1661 3551 tamquam
1677 3465 1855 3552 germanice

142 3591 208 3666 wie,
228 3588 383 3673 quietate
403 3589 658 3676 interpretamur,
682 3589 774 3674 cujus
797 3610 873 3654 uaris
895 3587 959 3653 duo
980 3610 1097 3675 genera
1118 3587 1254 3653 discerni
1277 3601 1418 3675 possunt.

280 3712 313 3792 1)
340 3710 414 3777 Una
439 3734 517 3778 vero
547 3724 596 3777 cst
618 3712 717 3791 notio,
745 3734 843 3797 quum
871 3712 940 3777 duae
967 3711 1203 3776 enunciationes
1233 3731 1290 3798 per
1320 3722 1482 3796 tamquam
1510 3709 1696 3796 particulam
1719 3709 1802 3775 inter
1825 3733 1858 3775 se

142 3846 374 3921 comparantur,
405 3834 560 3920 equibus
588 3834 688 3901 altera
714 3848 763 3901 est
784 3834 963 3900 enunciatio
986 3834 1143 3922 primaria,
1167 3834 1265 3899 altera
1288 3833 1467 3899 enunciatio
1491 3832 1674 3898 secundaria
1697 3856 1752 3920 per
1779 3845 1858 3897 tam·

146 3980 242 4043 quam
265 3958 356 4023 elata.
403 3957 480 4037 Quae
503 3958 698 4044 comparatio
722 3957 846 4024 duobus
868 3957 972 4022 modia
994 3958 1130 4045 exprimi
1153 3969 1266 4044 potest.

279 4083 311 4163 a)
334 4081 475 4147 Primum
498 4104 598 4169 quum
621 4081 691 4146 duae
714 4082 954 4147 enunciationes
977 4103 1032 4168 per
1054 4092 1214 4166 tamquam
1237 4078 1422 4166 particulam
1445 4079 1528 4144 inter
1551 4100 1584 4143 se
1605 4079 1858 4165 conjunguntur,

142 4205 280 4293 aliquam
306 4228 373 4271 rem
403 4205 516 4294 prioris
543 4204 681 4271 membri
709 4228 783 4270 cum
811 4227 845 4269 re
867 4203 995 4269 alterius
1017 4202 1152 4269 membri
1174 4203 1345 4290 comparari
1368 4201 1571 4289 significatur,
1596 4203 1641 4267 ita
1663 4214 1700 4266 ut
1722 4213 1857 4289 utraque

140 4350 190 4393 res
212 4328 323 4394 eodem
345 4328 440 4394 modo
464 4351 532 4394 esse
555 4328 607 4394 vel
630 4328 698 4394 fieri
720 4327 886 4394 indicetur.
934 4326 1004 4406 Qua
1023 4327 1154 4393 notione
1177 4337 1338 4412 tamquam
1358 4348 1431 4390 cum
1447 4323 1621 4390 indicativo
1637 4324 1855 4412 conjungitur,

144 4451 273 4539 dequo
303 4476 363 4518 usu
393 4451 526 4539 Madvig
554 4452 598 4538 (p.
627 4452 706 4534 410)
735 4451 800 4515 haec
828 4450 933 4515 docet:
981 4451 1171 4537 ›Tamquam
1194 4448 1376 4515 bezeichnet
1398 4447 1499 4512 selten
1520 4447 1590 4511 eine
1616 4446 1855 4534 Vergleichung

143 4576 257 4641 zweier
278 4574 407 4654 Sacheu,
432 4573 550 4640 welche
573 4574 666 4639 beide
689 4573 735 4638 als
758 4571 964 4638 stattfmdend
987 4586 1155 4660 arugesagt
1171 4571 1320 4637 werden».
1357 4570 1457 4657 Cujus
1481 4592 1556 4634 usus
1576 4592 1674 4634 unum
1695 4570 1858 4635 invenitur

143 4698 327 4787 exemplum
351 4699 435 4763 Eun.
458 4699 522 4762 262
544 4720 591 4783 sq.
613 4699 726 4762 sectari
744 4698 838 4782 jurei,
861 4699 889 4760 ai
906 4699 1067 4782 potitust,
1090 4709 1251 4782 tamquam
1269 4693 1529 4780 pbilosophorum
1554 4693 1664 4758 babeat
1687 4693 1859 4780 disciplima

142 4844 181 4887 ac
212 4825 291 4909 ipris
324 4821 483 4899 vocabula,
511 4823 652 4907 parasiti
685 4824 731 4883 ita
765 4830 800 4882 ut
837 4817 1022 4884 Gnathonici
1056 4830 1211 4895 vocatum,
1239 4817 1272 4882 in
1301 4840 1363 4903 quo
1386 4817 1536 4903 exemplo
1559 4828 1723 4901 tamquam
1750 4852 1787 4862 -
1815 4819 1861 4880 ita

144 4947 316 5033 particulas
338 4946 418 5009 inter
441 4966 474 5008 se
497 4943 685 5030 respondere
708 4943 936 5007 observandum
960 4954 1017 5006 eat.
1803 5025 1820 5076 b
