4576 5784
332 408 373 474 16

286 584 357 664 Quo
379 609 438 651 usu
460 597 613 670 quantum
636 587 799 674 particula,
821 608 1010 675 quamquem
1035 584 1100 651 vim
1121 586 1367 674 comparativam
1383 600 1537 653 servatum
1553 611 1625 655 vere
1640 583 1767 666 dicitur,
1784 601 1890 655 tamen
1909 608 2000 676 paene

285 708 324 773 sd
347 731 416 774 eam
440 707 702 796 significationem
724 708 871 774 accedere
895 710 1030 788 videtur,
1054 733 1148 797 quam
1171 709 1292 775 hahent
1313 711 1556 795 conjunctiones
1572 710 1808 776 conditionales.
1853 711 1904 776 lta
1919 732 1999 777 vero

286 855 384 917 quum
408 844 559 916 quaestum
582 833 736 920 particula
758 846 935 920 usurpatur,
959 834 993 899 in
1015 833 1236 899 enuntiatione
1258 854 1404 922 pereum
1427 835 1510 900 eluta
1531 848 1587 900 aut
1609 835 1704 900 verba
1718 836 1873 907 sentiendi,
1889 834 2001 921 qualia

286 968 361 1021 sunt
384 957 489 1033 audio,
511 956 658 1042 intellego,
680 958 776 1034 uideo,
799 959 949 1044 suspicor,
971 969 1027 1023 aut
1048 957 1220 1023 locutiones
1242 957 1385 1043 ejusdem
1406 959 1531 1044 generis
1553 958 1712 1045 leguntur.

418 1080 450 1162 e)
473 1080 511 1146 In
533 1080 667 1145 relutivo
691 1079 832 1146 membro
854 1079 1021 1147 adhibetur
1043 1081 1231 1147 indicativus
1253 1081 1423 1169 presentis.

420 1203 452 1286 c)
474 1202 513 1267 In
540 1216 675 1291 utroque
706 1203 847 1268 membro
874 1216 1042 1292 usurpetur
1068 1204 1257 1270 indicativus
1281 1206 1444 1293 praesentis
1468 1204 1569 1269 Andr.
1595 1205 1659 1270 756
1682 1206 1722 1269 od
1746 1208 1901 1272 Andriast
1924 1208 1998 1284 hoee,

285 1338 437 1415 quantum
459 1327 609 1413 inteilepo.
1004 1384 1008 1390 ,

418 1449 450 1534 β)
472 1450 511 1516 In
534 1449 784 1516 demonstrativo
807 1451 950 1517 membro
971 1452 1132 1517 invenitur
1154 1451 1345 1517 indicativus
1366 1451 1467 1518 futuri
1490 1451 1606 1519 Heaut.
1632 1453 1697 1518 884
1719 1465 1747 1518 et
1770 1465 1923 1540 quonum
1941 1477 1998 1540 epo

286 1574 456 1660 intelleyere
473 1596 603 1662 possum
627 1611 668 1620 -
691 1596 752 1638 uon
775 1574 874 1638 adesit
896 1573 1026 1660 lonqius.

418 1699 449 1782 v)
476 1697 515 1763 In
541 1698 790 1764 demonstrativo
817 1697 958 1764 membro
986 1697 1105 1783 legitur
1131 1697 1321 1763 indicativus
1349 1698 1483 1787 perfecti
1509 1697 1612 1763 Andr.
1640 1699 1706 1764 423
1733 1722 1813 1777 erus,
1840 1712 1997 1787 quantum

285 1824 392 1900 audio,
425 1842 521 1887 umore
553 1823 674 1887 eccidit.
730 1822 814 1888 Eun.
851 1823 914 1887 142
943 1823 995 1886 sed
1021 1844 1074 1907 epo
1103 1833 1254 1908 quantum
1280 1824 1430 1909 surprieon
1458 1824 1501 1887 od
1527 1825 1676 1908 mrpiuem
1704 1826 1845 1888 animum
1872 1825 1997 1890 adiecit.

286 1946 394 2013 Heaut
421 1948 485 2012 265
512 1970 587 2012 nam
613 1959 641 2012 et
669 1949 760 2011 oitcst
787 1948 892 2011 eodem
917 1957 947 2011 et
974 1948 1097 2010 animur
1125 1958 1152 2011 te
1174 1968 1248 2032 erqo
1275 1947 1358 2011 idem
1384 1968 1421 2009 ac
1437 1945 1518 2032 suit,
1540 1959 1691 2032 quamam
1713 1969 1751 2011 ee
1773 1950 1844 2033 ipso
1866 1971 1901 2013 ea
1922 1969 1997 2013 eoa·

281 2073 437 2157 jecturom
454 2070 599 2157 fecimus.
622 2070 700 2136 ibid.
725 2070 788 2136 682
811 2072 971 2155 coyoitmt,
993 2081 1145 2156 quantum
1168 2071 1265 2135 audio
1287 2069 1377 2134 huius
1399 2070 1501 2134 verda.

417 2194 452 2277 b)
473 2193 512 2258 In
534 2194 664 2259 relativo
687 2193 828 2258 membro
852 2192 1043 2258 indicativus
1066 2193 1209 2280 perfecti,
1233 2195 1266 2259 in
1290 2193 1536 2259 demonstrativo
1558 2207 1665 2259 autem
1688 2193 1830 2259 membro
1844 2194 1995 2262 indiceti-

286 2341 344 2383 vus
367 2318 525 2406 presentis
547 2317 709 2382 invenitur
731 2316 833 2381 Andr.
859 2317 923 2382 206
946 2319 1026 2381 enim
1050 2339 1129 2395 vero,
1151 2316 1252 2394 Daue,
1273 2316 1321 2381 nit
1343 2316 1428 2381 lomet
1451 2320 1588 2402 aequitio
1607 2340 1702 2404 neque
1716 2319 1874 2395 socordioe,
1891 2341 1996 2405 quaa·

284 2437 510 2529 tunaZirstelleei
531 2443 622 2506 mode
643 2443 723 2506 seris
744 2442 926 2507 renuntiem
947 2441 985 2504 de
1006 2442 1133 2527 nuptiis.
1178 2439 1261 2504 Eun.
1287 2440 1351 2505 615
1367 2443 1412 2504 ita
1428 2462 1476 2504 me
1492 2442 1527 2504 di
1541 2453 1652 2518 amem,
1668 2452 1819 2525 quantum
1834 2441 1996 2527 cycillum

286 2566 362 2643 vidi,
384 2587 444 2630 noa
466 2565 513 2629 teil
534 2567 624 2646 timeo
646 2567 768 2630 moero.

283 2713 286 2719 ·
418 2689 505 2755 Adn.
551 2688 658 2755 Etiam
681 2688 715 2752 in
737 2687 895 2774 ejusmodi
917 2687 1085 2774 exemplis,
1109 2686 1216 2775 qualia
1237 2710 1322 2752 nunc
1345 2686 1449 2765 attuli,
1472 2711 1529 2774 pro
1551 2699 1703 2775 quantum
1725 2687 1882 2755 vocabulo
1906 2711 1996 2757 usur·

286 2825 379 2901 patur
401 2814 485 2898 quod
507 2812 661 2900 particula
677 2811 786 2877 eadem
801 2811 939 2888 notione,
957 2812 1002 2875 ita
1016 2824 1053 2875 ut
1069 2811 1151 2903 quod
1166 2812 1346 2897 germanice
1361 2810 1501 2897 incusem
1516 2810 1771 2898 interpretemur,
1787 2834 1849 2897 qua
1862 2813 1995 2879 notione

286 2937 371 3018 quod
398 2937 554 3024 particula
581 2947 614 3001 et
635 2935 703 3022 ipsa
725 2935 764 3000 ed
787 2934 883 3000 verba
904 2935 1053 2999 sentiendi
1074 2934 1217 2999 refertur.
1264 2934 1385 3000 Tamen
1407 2934 1491 3000 inter
1513 2934 1583 3000 illes
1606 2933 1774 3022 particulas
1796 2935 1830 3000 id
1851 2934 1997 3014 intereat,

287 3060 371 3148 quod
399 3071 552 3146 questum
576 3058 694 3135 ,vocula
720 3080 793 3123 cunr
823 3058 1007 3136 indicativo,
1036 3060 1119 3144 quod
1146 3058 1300 3145 particula
1326 3081 1399 3123 cum
1427 3058 1632 3144 conjunctivo
1660 3059 1874 3146 conjungitur,
1902 3061 1996 3145 cujus

287 3207 362 3250 usus
389 3182 456 3248 haec
483 3183 630 3270 exempla
657 3183 865 3247 inveniuntur
891 3180 1033 3269 Adelph.
1063 3181 1126 3245 641
1150 3203 1210 3247 uon
1232 3183 1373 3266 equidem
1395 3183 1481 3259 istas,
1504 3182 1589 3269 quod
1610 3184 1716 3260 sciant,
1738 3183 1830 3268 cujus
1851 3183 1996 3272 exempli

285 3310 320 3375 in
342 3307 589 3374 demonstrativo
613 3306 752 3372 membro
769 3305 883 3392 pepuli
904 3318 1010 3370 mente
1034 3304 1214 3371 addendum
1237 3318 1294 3371 eet.
1341 3304 1422 3370 Hee.
1448 3304 1513 3370 863
1536 3329 1609 3370 nam
1632 3329 1803 3393 numquam
1826 3317 1897 3371 aute
1915 3307 1997 3371 hauc

285 3434 367 3497 diem
389 3433 464 3496 mds
484 3430 581 3494 oeulis
602 3452 680 3506 eam,
703 3430 787 3514 quod
809 3451 936 3506 muno,
958 3430 1108 3506 viderem
1130 3428 1187 3494 ubi
1210 3429 1294 3511 quod
1308 3450 1425 3493 mesen
1439 3429 1522 3494 idem
1538 3442 1634 3517 utque
1649 3430 1733 3512 quod
1747 3432 1856 3495 aeirem
1871 3429 1994 3517 signifi·

286 3577 356 3621 esre
379 3554 514 3620 videtur.
560 3554 668 3619 Aliam
690 3564 797 3618 autem
818 3553 1113 3640 interpretationem
1136 3553 1228 3619 offert
1250 3552 1400 3632 Thomas,
1424 3576 1522 3639 quum
1546 3555 1632 3638 quod
1653 3574 1770 3618 nossem
1785 3554 1882 3619 vertit
1897 3577 1998 3621 roam

282 3701 370 3766 pour
396 3679 429 3743 io
455 3685 634 3757 censuitne»,
664 3700 759 3764 quam
787 3675 1077 3764 interpretationem
1104 3675 1300 3763 probandam
1327 3689 1444 3754 censet,
1473 3700 1570 3764 quum
1599 3676 1701 3743 addit:
1728 3677 1774 3741 »lu
1797 3678 1995 3762 pmpositioa

286 3803 413 3869 reictice
434 3824 565 3890 marque
587 3801 619 3867 lu
640 3802 859 3887 consequence».
898 3800 975 3879 Quoe
989 3800 1207 3887 interpretatio
1222 3822 1412 3886 quamquem
1428 3800 1585 3887 optimum
1600 3800 1720 3887 praehet
1735 3822 1870 3879 sensum,
1887 3812 1996 3867 tamen

288 3951 365 3992 num
393 3927 476 4011 quod
498 3926 655 4013 particula
677 3947 746 3990 earn
769 3923 931 3989 notionem
954 3923 1068 3989 habere
1091 3923 1191 4012 possit
1214 3945 1314 4010 quum
1335 3922 1468 3988 dubium
1491 3946 1559 3989 ease
1582 3923 1737 4002 videatur,
1760 3921 1849 3989 illam
1864 3923 1996 3991 alteram

287 4051 576 4138 interpretationem
604 4048 828 4136 preferendam
855 4070 977 4113 censeo.
1029 4046 1104 4112 Huc
1129 4060 1236 4112 autem
1263 4046 1404 4125 fortusse,
1427 4069 1618 4134 quamquem
1641 4048 1724 4133 quod
1747 4047 1901 4134 particula
1922 4069 1995 4112 cunr

288 4173 385 4239 verbo
418 4174 568 4237 sentiendi
602 4196 664 4237 non
692 4171 906 4258 conjungitur,
934 4171 1134 4237 referendum
1163 4185 1212 4236 eat
1238 4171 1430 4258 exemplum,
1458 4169 1542 4256 quod
1570 4169 1731 4235 iuvenitur
1761 4169 1901 4256 Adelph.
1929 4169 1995 4235 519

284 4299 372 4384 4911511
404 4321 475 4362 cum
502 4297 601 4362 salute
626 4298 692 4360 eiua
713 4296 787 4383 fiat,
814 4298 860 4360 ita
887 4318 917 4360 ae
943 4295 1128 4382 defatiparit
1155 4294 1255 4370 uelim,
1281 4294 1337 4359 ubi
1365 4295 1447 4381 quod
1474 4317 1544 4358 eum
1571 4293 1670 4357 salute
1696 4296 1762 4357 eiua
1784 4294 1849 4382 fiot
1879 4292 1996 4358 Pleasis

290 4444 424 4508 ›pouruu
448 4421 524 4507 qu's'l
546 4420 606 4485 a’eu
628 4422 721 4485 retire
742 4422 812 4484 scin
834 4431 862 4484 et
884 4419 975 4506 saus»
997 4419 1221 4506 interpretetur
1234 4417 1270 4497 ¹),
1293 4441 1386 4505 quam
1411 4418 1605 4483 locutionem
1622 4417 1775 4482 Deiatako
1791 4440 1865 4481 cum
1880 4416 1998 4483 usitata

288 4545 345 4609 illa
366 4543 505 4609 formula
526 4545 626 4630 (quod
649 4544 760 4608 honum
779 4543 863 4630 felic
880 4543 1028 4631 faustum
1050 4544 1105 4621 sit)
1127 4541 1350 4607 conferendam
1374 4538 1529 4622 cenaet2).

424 4772 447 4840 ¹)
465 4771 497 4826 F.
516 4771 628 4826 Pleaais:
665 4771 695 4826 P.
715 4770 825 4826 Terenti
843 4770 905 4825 Afri
924 4769 1071 4840 Adelphoe,
1090 4769 1177 4835 Paria,
1197 4768 1275 4835 1884,
1295 4786 1321 4839 p.
1341 4769 1386 4824 71.

423 4859 447 4929 ¹)
465 4860 528 4914 Cart
547 4859 690 4915 Dsiatmo:
717 4859 907 4928 Ausgevthlte
918 4858 1067 4914 Komodien
1079 4858 1127 4913 dea
1139 4858 1169 4912 P.
1181 4857 1324 4912 Terentius
1336 4857 1411 4923 Ater,
1423 4857 1538 4912 Zweites
1550 4857 1707 4913 Btudchen:
1720 4855 1868 4927 Adelphos,
1881 4856 1994 4928 leipzig

290 4949 369 5014 1881,
388 4965 414 5018 p.
433 4949 477 5002 58.
