4530 5776
1787 418 1804 480 7

147 601 207 678 illi,
237 624 333 686 quam
361 623 419 686 epo
444 624 513 667 suin
540 622 578 662 ec
606 610 650 674 tu,
680 598 774 662 bama
800 608 928 669 nemost.
981 593 1122 681 Adelph.
1153 595 1217 660 834
1241 597 1423 662 attentiores
1449 619 1555 661 summ
1578 596 1622 659 ad
1644 617 1710 660 rem
1734 617 1849 681 omnes,

147 748 243 812 qnam
270 735 320 787 sat
347 736 400 789 est.
451 722 575 788 Deinde
601 722 636 786 in
659 722 762 809 priore
790 719 934 785 membro
961 718 1124 784 invenitur
1151 719 1373 805 conjunctivus
1396 720 1560 807 praesentis
1582 720 1634 783 vel
1656 717 1850 806 imperfecti:

148 849 262 913 Heaut.
289 849 351 913 681
377 849 457 912 deda
479 850 570 934 patri
592 870 640 910 me
662 849 811 910 nunciam
835 857 870 909 nt
888 844 1057 931 frnpalior
1077 848 1137 909 aim
1161 868 1256 930 quam
1280 846 1354 910 volt.
1402 844 1541 931 Adelph.
1566 846 1608 908 39
1629 865 1751 931 parare
1766 845 1853 929 quod

146 977 188 1039 sit
212 977 435 1059 camuranam
459 975 526 1059 ipse
549 984 592 1037 est
614 972 685 1036 sibi.
733 970 862 1034 Phorm.
889 971 928 1033 ll
953 973 1057 1037 minas
1078 969 1177 1033 malta
1201 971 1352 1034 audacter
1375 993 1471 1055 quam
1493 992 1576 1034 nnnc
1600 968 1696 1044 ladit,
1715 967 1850 1032 lederet.

147 1099 231 1163 Tum
259 1098 292 1161 in
320 1098 424 1184 priore
452 1097 595 1161 membro
623 1108 791 1182 usurpatur
816 1081 962 1159 futurum
990 1092 1116 1157 Phorm.
1145 1094 1210 1158 438
1238 1097 1268 1158 εἰ
1295 1105 1329 1158 tn
1355 1093 1448 1158 illam
1475 1096 1620 1179 attipem‘s
1647 1114 1733 1157 εεεεεε
1756 1115 1851 1178 quam

147 1225 308 1308 dignumst
342 1221 486 1297 liberam,
519 1223 625 1284 dicam
660 1221 720 1284 tibi
741 1222 908 1306 inpinpam
935 1220 1099 1304 praedem.
1129 1217 1206 1283 ibid.
1236 1218 1301 1282 584
1328 1221 1356 1283 εἰ
1383 1221 1536 1305 spreverit
1563 1241 1621 1293 me,
1654 1216 1728 1304 plur
1757 1240 1852 1302 quam

148 1370 227 1433 opus
261 1358 305 1410 est
339 1349 416 1411 scito
450 1349 536 1410 sciet.
584 1345 659 1410 Post
691 1346 724 1410 in
755 1345 857 1433 priore
885 1343 1027 1408 membro
1055 1341 1222 1406 adhibetur
1251 1342 1442 1408 indicativus
1470 1341 1604 1429 perfecti
1631 1341 1758 1406 Phorm.
1787 1341 1853 1406 348

148 1494 337 1557 enumquam
361 1473 534 1556 quoiquam
557 1470 808 1536 contumeliosius
831 1471 965 1533 audatis
984 1467 1109 1554 factam
1134 1469 1287 1531 iniuriam
1311 1450 1405 1556 quam
1429 1467 1494 1531 luae
1517 1479 1560 1533 est
1583 1467 1672 1531 atili.

183 1670 193 1674 Ἡ
221 1668 225 1676 ,
283 1595 316 1673 b)
341 1595 379 1658 ln
402 1595 536 1659 relativo
560 1594 705 1666 membro
728 1594 933 1680 inveniamur
955 1605 1100 1678 tempora
1123 1591 1287 1678 preterita.
1528 1583 1532 1592 ¹

282 1719 314 1799 a)
343 1718 380 1781 In
413 1731 548 1805 utroque
576 1719 717 1783 membro
750 1717 866 1804 legitur
897 1716 1086 1780 indicativus
1120 1715 1268 1801 perfecti:
1324 1715 1461 1802 Adelph.
1491 1717 1554 1779 911
1587 1738 1760 1801 numquam
1787 1715 1856 1780 aidi

108 1862 110 1866 “
149 1846 288 1924 iniquius
315 1846 513 1908 cenationem
542 1855 758 1930 comparatam
788 1865 882 1928 quam
912 1841 976 1905 bac
1004 1840 1097 1905 bodie
1122 1843 1208 1909 inter
1229 1863 1286 1904 nas
1311 1839 1385 1916 fuit.
1409 1838 1485 1904 ibid.
1512 1838 1575 1903 995
1600 1862 1616 1903 ε
1637 1862 1672 1903 re
1693 1851 1768 1907 nata
1788 1861 1854 1903 me-

150 1966 211 2040 lius
234 1969 313 2054 fiem'
340 1967 427 2031 land
445 1970 554 2054 potuit
584 1991 680 2052 quam
706 1966 872 2053 factumst.
925 1965 962 2030 ln
990 1964 1236 2030 demonstrativo
1265 1955 1404 2031 lnembro
1431 1964 1564 2029 verbum
1588 1963 1748 2051 omittitur
1769 1964 1852 2028 Eun.

151 2091 235 2154 1097
261 2094 318 2176 qui
340 2095 443 2155 minus
467 2114 563 2176 quam
588 2091 740 2156 Herculea
762 2093 889 2155 amicit
915 2086 1111 2176 Omphaloe?‚
1135 2090 1228 2173 cujus
1243 2086 1381 2175 exempli
1396 2088 1429 2151 in
1446 2087 1550 2173 priore
1566 2088 1707 2152 niembro
1723 2087 1854 2151 verbum

149 2215 300 2296 omissum
324 2228 431 2292 mente
454 2215 632 2286 addendum
656 2227 714 2293 est,
737 2228 775 2279 ut
796 2216 838 2280 sit
861 2225 890 2279 et
914 2236 971 2299 epo
993 2215 1126 2278 samiam
1155 2213 1280 2278 Thaidi.

66 2348 68 2352 ”
161 2364 163 2369 ·
283 2337 314 2423 β)
338 2339 376 2407 In
398 2340 531 2413 relativo
554 2339 695 2404 membro
719 2353 888 2427 usurpatur
910 2338 1103 2408 indicativus
1126 2336 1307 2423 imperfecti
1330 2336 1449 2401 Phorm
1473 2337 1536 2400 797
1561 2357 1649 2421 pane
1667 2334 1856 2422 plusquam

147 2474 199 2526 sat
222 2475 300 2540 erat,
325 2465 418 2549 cujus
440 2464 578 2551 exempli
600 2465 634 2528 in
658 2465 759 2551 priore
783 2464 924 2528 membro
948 2462 1081 2527 verbum
1104 2464 1202 2541 (dici)
1225 2460 1426 2528 subauditur.

284 2588 369 2655 Adn.
396 2591 425 2653 1.
472 2588 515 2652 lis
538 2589 571 2653 in
594 2588 759 2675 exemplis,
783 2612 852 2674 quae
875 2589 969 2652 allata
990 2600 1075 2664 sunt,
1101 2611 1196 2672 qnam
1220 2586 1374 2673 particula
1395 2586 1433 2674 ad
1457 2585 1614 2670 adjectiva
1636 2585 1689 2649 vel
1708 2584 1857 2672 adverbia

150 2710 184 2787 in
211 2712 425 2798 comparativo
454 2713 718 2798 potitarefertur
741 2723 879 2798 excepto,
895 2734 959 2775 uno
981 2710 1050 2776 loco
1073 2710 1215 2792 (Phorm.
1241 2709 1330 2793 438),
1354 2710 1410 2776 ubi
1430 2710 1547 2795 legitur
1561 2732 1646 2774 εεεεεε
1661 2709 1856 2796 adverbium,

147 2835 184 2912 ¹in
207 2857 271 2920 qno
295 2847 400 2899 tamen
424 2835 472 2900 vis
494 2835 636 2920 quaedam
649 2806 871 2922 comparativa
892 2835 993 2900 inesse
1016 2834 1151 2899 videtur.

191 3039 195 3045 .
287 2958 373 3037 Adn.
399 2962 457 3039 9.,
477 2959 701 3047 Comparativa
722 2960 771 3026 vis
793 2972 899 3030 autem
922 2960 1018 3030 etiam
1041 2960 1074 3024 in
1086 2972 1207 3046 preter
1221 2959 1376 3045 particule
1388 2959 1491 3024 inesse
1506 2958 1644 3037 videtur,
1661 2982 1731 3045 quae
1746 2960 1860 3024 vocula

70 3122 73 3126 -
153 3106 248 3167 quam
272 3084 488 3168 conjunctioni
511 3085 673 3149 nonnullis
696 3085 772 3148 locis
796 3085 972 3171 respondet.
1020 3084 1162 3148 Primum
1187 3084 1317 3170 quidem
1338 3084 1408 3148 duae
1423 3084 1655 3149 enunciationes
1669 3095 1860 3171 perpacata·

149 3230 248 3293 ,quam
276 3208 448 3294 particulas
468 3210 711 3295 conjunguntur
738 3232 803 3273 uno
830 3209 901 3273 loco
919 3209 1044 3304 ¹Heaut.
1074 3210 1115 3273 59
1146 3210 1232 3295 quod
1261 3208 1342 3272 natta·
1363 3210 1469 3274 cidere
1487 3221 1607 3294 prater
1628 3220 1748 3273 atatem
1773 3221 1859 3273 tuam

148 3331 260 3416 facere
288 3343 317 3394 et
340 3343 458 3416 prater
486 3356 581 3416 quam
608 3357 657 3396 res
686 3344 714 3396 te
741 3332 933 3397 adhortatur
961 3345 1025 3409 trra,
1050 3333 1142 3418 cujus
1165 3355 1240 3397 usus
1263 3333 1446 3421 exemplum
1471 3332 1654 3400 Plautinum
1677 3332 1819 3419 Wagner
1832 3333 1858 3416 ¹)

153 3453 246 3518 affert
268 3453 353 3517 Pers.
378 3455 442 3522 366
468 3477 536 3538 quse
553 3467 672 3540 prater
693 3459 796 3541 sapiet
820 3479 916 3540 qtsam
935 3457 1043 3542 placet
1055 3457 1243 3543 parentibus
1256 3456 1294 3534 ¹).
1340 3457 1460 3522 Deinde
1476 3457 1600 3544 singula
1616 3456 1778 3533 vocabula,
1795 3480 1858 3521 non

148 3578 397 3656 ‚enunciationem
427 3600 482 3664 per
504 3590 742 3664 preterquam
765 3579 933 3665 particulas
956 3581 1195 3666 conjunguntur
1218 3581 1342 3646 duobus
1365 3581 1443 3646 locis
1467 3581 1569 3646 Andr.
1594 3582 1658 3647 759
1682 3583 1862 3665 verbumst

154 3701 234 3765 mibi
261 3727 358 3766 unum
382 3714 501 3789 prater·
528 3725 623 3788 quam
652 3705 739 3789 quad
767 3715 796 3768 ts
822 3725 901 3788 rapa
926 3739 966 3749 —
986 3705 1080 3791 saris
1104 3727 1185 3769 aava.
1230 3705 1313 3771 Elun.
1339 3707 1379 3771 77
1405 3728 1504 3791 neque
1523 3718 1641 3792 praeter
1663 3729 1757 3791 quam
1782 3729 1861 3792 qaas

150 3828 222 3911 ,ipsc
250 3849 341 3897 amar
363 3826 522 3891 molestiae
545 3826 638 3891 babet
660 3829 772 3892 addas.
819 3827 983 3895 Postremo
1001 3840 1120 3915 prater
1143 3853 1239 3916 qaam
1261 3829 1383 3894 voculis
1407 3829 1533 3894 additur
1556 3830 1643 3915 quod
1664 3830 1860 3914 conjunctio,

155 3950 200 4013 ita
226 3963 261 4014 ut
286 3963 405 4036 prater
430 3975 527 4036 quam
555 3954 642 4037 qaod
668 3952 830 4038 particulae
859 3954 948 4039 quasi
974 3955 1008 4018 in
1036 3976 1130 4019 unam
1153 3953 1344 4020 locutionem
1368 3954 1542 4019 coalescere
1565 3954 1741 4032 videantur,
1766 3978 1861 4041 quarn

148 4073 275 4152 ,svetice
303 4086 390 4152 ntem
418 4076 470 4138 det
493 4087 541 4141 att
562 4076 816 4163 interpretamur,
844 4100 913 4163 quae
936 4078 1058 4143 locutio
1080 4077 1113 4142 in
1136 4079 1239 4156 tmesi,
1264 4102 1334 4165 quae
1355 4091 1496 4152 vocatur,
1520 4100 1585 4143 nno
1608 4077 1676 4143 loco
1700 4078 1861 4145 invenitur

149 4196 271 4269 fleant.
297 4197 360 4261 399
384 4221 458 4263 nam
483 4200 558 4268 dam
581 4201 637 4265 aba
662 4212 690 4264 te
712 4202 834 4278 absum,
858 4224 961 4267 omnes
985 4203 1064 4266 mitt
1087 4202 1210 4267 labores
1228 4203 1324 4289 fuere
1347 4226 1425 4289 qnos
1445 4205 1515 4289 cepi
1530 4202 1618 4280 ὶεεεε,
1630 4215 1750 4289 prater
1766 4227 1861 4289 qnam

158 4325 205 4405 tui
232 4324 405 4397 carendum
431 4324 518 4406 qaod
544 4334 623 4400 erat,
651 4324 685 4388 in
710 4347 773 4410 quo
795 4325 945 4412 exemplo
973 4326 1091 4391 locutio
1118 4327 1173 4392 illa
1200 4330 1449 4414 (preterquam
1473 4326 1862 4414 quomidemsignifiou

157 4458 249 4534 atque
272 4449 335 4511 nisi
358 4448 453 4531 quod,
478 4471 548 4534 quae
571 4447 690 4514 locutio
713 4449 796 4535 apud
819 4450 930 4515 solut-ae
952 4451 1100 4517 orationis
1123 4451 1292 4539 scriptores
1315 4474 1552 4537 nonnumquam
1576 4452 1746 4517 invenitur.

182 4638 185 4647 .
287 4571 330 4652 Β)
353 4571 401 4635 De
425 4595 520 4657 quam
544 4574 696 4659 particula
717 4596 790 4639 eum
812 4575 1013 4660 conjunctivo
1035 4577 1164 4642 sociata.
1211 4576 1281 4656 Quo
1304 4597 1363 4642 usu
1385 4598 1484 4662 quum
1508 4598 1604 4661 qnam
1619 4575 1775 4662 particula
1789 4600 1861 4643 aum

149 4695 363 4784 ‘conjunctivo
386 4696 531 4773 sociatur,
555 4697 681 4784 regulae,
705 4712 871 4785 quaesunt
895 4698 934 4762 dc
957 4701 1177 4765 consecutione
1201 4713 1387 4786 temporum,
1411 4722 1535 4786 semper
1557 4699 1625 4763 fere
1641 4714 1804 4765 servantur
1817 4702 1862 4767 itu

293 4975 315 5044 ¹)
334 4976 377 5030 W.
397 4977 525 5046 Wagner:
546 4980 576 5035 P.
595 4980 705 5034 Terenti
724 4981 833 5035 Hauton
851 4981 1064 5046 Timarumsnos‚
1084 4982 1184 5047 Berlin,
1205 4980 1286 5046 1879,
1306 4998 1333 5050 p.
1352 4981 1400 5034 39.
1488 5026 1496 5041 ,
1549 5027 1553 5034 .
