4530 5776
324 376 364 437 12

274 549 340 613 olio
362 551 525 636 suspicans
549 550 659 614 morbo
682 571 730 615 ms
752 552 894 614 uisuram
916 549 1078 636 adfectum
1100 573 1138 614 ac
1160 553 1243 615 assui
1265 572 1331 616 csse
1353 574 1495 616 acorem
1535 551 1609 616 Uno
1623 564 1733 616 autem
1747 551 1863 617 locoin
1879 551 1994 639 priore

274 672 415 737 membro
437 671 555 758 legitur
576 671 768 737 indicativus
790 673 950 760 praesentis
972 671 1100 737 Phorm.
1125 673 1191 738 530
1213 695 1273 760 eqo
1296 676 1351 738 isti
1365 674 1441 739 -nilo
1463 697 1533 738 sum
1555 674 1652 738 aliter
1673 696 1712 738 cc
1728 674 1800 761 sui.

407 794 494 860 Adn.
520 796 549 858 l.
597 795 673 874 Qun
696 794 793 880 hujus
814 795 975 882 particulae
995 795 1083 861 notio
1105 795 1265 883 quomodo
1288 808 1358 862 orta
1380 797 1431 875 sit,
1456 819 1498 862 ex
1521 818 1559 863 eo
1578 797 1725 884 exemplo
1740 808 1880 885 apparat,
1897 797 1992 885 quod
2032 794 2038 807 '

274 916 435 983 invenitur
461 917 540 982 Hec.
566 918 631 982 844
655 920 749 983 timeo
769 941 808 983 ns
830 918 923 983 aliud
945 919 1073 983 crcdcm
1096 929 1190 1002 atque
1212 919 1304 984 aliud
1325 923 1458 995 nanda,
1481 919 1515 985 in
1531 943 1594 1007 quo
1610 920 1761 1008 exemplo
1775 942 1875 1006 quum
1890 931 1993 1005 atqu

273 1041 464 1128 particulam
492 1063 560 1106 ease
586 1040 840 1126 conjunctionem
867 1041 1080 1128 copulativam
1103 1065 1160 1129 pro
1187 1053 1272 1107 certo
1294 1043 1442 1108 affirmari
1470 1042 1579 1131 possit,
1602 1043 1677 1110 inde
1700 1040 1888 1109 concludere
1911 1043 1992 1111 licat

275 1188 345 1230 cam
368 1164 494 1230 dicendi
516 1165 680 1243 rationem,
704 1188 774 1254 quas
796 1166 830 1230 in
858 1165 1005 1253 exemplo
1027 1164 1198 1244 invenitur,
1221 1166 1400 1254 primariam
1423 1190 1459 1232 ac
1480 1167 1650 1255 genuinam
1673 1190 1750 1245 essa
1774 1191 1794 1232 a
1815 1190 1880 1254 qua
1893 1167 1990 1256 qussi

274 1312 293 1353 a
320 1289 408 1353 fonte
435 1289 491 1353 illa
512 1290 611 1366 notio,
635 1312 698 1376 qua
719 1301 814 1374 atquc
835 1288 953 1355 svetice
976 1298 1019 1353 cin
1040 1257 1294 1377 intdrprctamur,
1317 1290 1363 1356 ita
1385 1291 1515 1378 quidem
1538 1292 1674 1379 repetita
1696 1314 1764 1358 esse
1786 1290 1932 1369 videtur,
1950 1303 1991 1357 ut

274 1435 372 1497 quum
395 1411 486 1476 aliud
507 1412 622 1477 vocula
643 1411 821 1499 posterioris
844 1411 978 1478 membri
1000 1413 1207 1492 omitteretur,
1227 1424 1323 1498 atquc
1336 1436 1355 1479 e
1370 1415 1550 1502 copulativa
1565 1414 1721 1502 particula
1734 1415 1768 1479 in
1784 1414 1987 1500 conjunctio·

274 1557 347 1599 nem
374 1535 619 1622 comparativam
646 1536 802 1614 transiret,
830 1534 864 1600 id
891 1534 975 1622 quod
1003 1535 1143 1601 Thomas
1169 1536 1271 1615 dccet,
1301 1560 1400 1624 quum
1427 1536 1489 1602 hoc
1515 1538 1585 1604 loco
1606 1537 1700 1603 dicit:
1747 1537 1812 1602 »on
1836 1535 1906 1602 voit
1927 1558 1988 1625 par

275 1670 357 1724 cette
385 1658 599 1725 construction
627 1670 786 1724 comment
813 1671 907 1743 arque
933 1662 1000 1738 (cc)
1026 1683 1045 1724 a
1067 1683 1112 1749 pu
1135 1660 1233 1726 servir
1256 1661 1275 1725 t
1297 1660 1458 1748 exprimet
1479 1661 1510 1726 la
1533 1661 1751 1749 comparaison
1773 1660 1863 1748 apris
1886 1659 1989 1726 clius:

276 1782 307 1847 le
335 1782 450 1848 second
478 1782 561 1847 clius
584 1806 602 1847 a
624 1783 674 1848 ete
697 1807 760 1871 peu
783 1783 802 1847 ir
824 1806 886 1872 peu
909 1782 1048 1848 elimina.
1095 1783 1129 1848 Si
1151 1785 1290 1850 Terence
1313 1786 1398 1851 avait
1420 1785 1580 1872 supprime<
1604 1785 1696 1849 uliud
1718 1784 1795 1849 dans
1818 1783 1849 1850 le
1870 1783 1990 1850 second

277 1905 428 1985 membre,
451 1907 476 1971 il
498 1906 616 1972 aurrait
638 1906 682 1971 du
705 1907 772 1972 dire
795 1919 889 1993 atque
911 1911 1064 1972 nuntias.»

409 2030 496 2096 Adn.
522 2032 552 2094 2.
598 2030 637 2095 In
659 2031 813 2119 exemplis
836 2054 931 2118 supra
954 2031 1057 2097 allatis
1079 2031 1136 2096 illa
1159 2031 1427 2098 dissimilitudinis
1449 2031 1601 2097 vocabula
1615 2053 1686 2096 'non
1709 2032 1811 2097 solum
1826 2054 1990 2121 compera-

277 2155 385 2232 tivam,
409 2153 465 2219 sed
488 2154 594 2231 etiam,
617 2166 655 2219 ut
676 2155 721 2219 ita
743 2155 856 2234 dicam,
879 2156 1060 2242 negativam
1083 2156 1149 2221 vim
1172 2155 1286 2222 habere
1308 2156 1467 2234 videntur,
1491 2155 1536 2220 ita
1556 2167 1593 2220 ut
1611 2179 1701 2243 paene
1716 2155 1787 2220 loco
1803 2155 1991 2242 negationis

278 2277 443 2363 cujusdam
472 2277 545 2355 sint,
574 2300 616 2342 cx
642 2300 706 2364 quo
733 2277 780 2356 fit,
810 2290 847 2343 ut
873 2277 937 2343 illis
964 2278 1126 2344 vocabulis
1154 2278 1239 2366 quod
1262 2279 1422 2367 inpriore
1445 2280 1590 2345 membro
1611 2260 1899 2356 enunciatum'est,
1923 2302 1991 2344 non

277 2401 348 2468 ficri
370 2414 426 2467 aut
448 2424 510 2467 non
533 2401 602 2468 fieri
624 2424 718 2489 posse
741 2402 947 2489 significetur,
971 2402 1005 2468 id
1029 2403 1113 2489 quod
1136 2426 1177 2468 ex
1193 2404 1341 2491 exemplo
1355 2414 1494 2491 apparet,
1511 2403 1597 2489 quod
1612 2401 1772 2468 invenitur
1788 2401 1903 2467 Heaut.
1921 2402 1990 2468 264

278 2524 373 2591 aliter
396 2537 482 2591 tuom
504 2547 642 2590 amorem
664 2537 758 2609 atquc
781 2537 825 2590 cst
847 2528 977 2614 accipis,
1000 2528 1092 2613 cujus
1115 2527 1255 2614 exempli
1278 2527 1328 2592 vis
1350 2539 1445 2614 atque
1459 2527 1616 2592 sententia
1630 2527 1761 2592 fortasse
1776 2526 1867 2592 slitcr
1882 2537 1993 2615 potest

279 2647 432 2736 explicari
454 2647 514 2714 hoc
537 2648 648 2714 modo:
675 2660 761 2715 tuom
783 2672 924 2716 ammam
945 2673 1009 2716 aon
1032 2653 1080 2716 ito
1100 2652 1221 2739 accipis
1244 2662 1280 2715 ut
1302 2662 1356 2716 cst.
1404 2649 1496 2729 Quod
1520 2650 1613 2737 quale
1630 2648 1672 2714 sit
1686 2672 1785 2735 quum
1800 2648 1989 2736 cogitamus,

278 2773 409 2838 fortasse
431 2771 615 2859 exemplum
638 2770 790 2859 explicari
811 2784 928 2859 potest,
951 2774 1037 2859 quod
1059 2774 1219 2841 invenitur
1242 2774 1344 2839 Andr.
1369 2774 1432 2838 841
1458 2785 1488 2839 st
1509 2775 1613 2839 assem
1636 2774 1693 2856 qui
1713 2773 1772 2838 tibi
1786 2796 1856 2836 sam
1872 2771 1992 2837 oblitui

282 2897 377 2962 lodie
398 2918 437 2960 uc
458 2894 547 2960 volui
569 2896 683 2973 dicere,
706 2896 740 2961 in
764 2917 828 2982 quo
851 2897 1002 2984 exemplo
1024 2897 1081 2962 illa
1101 2897 1368 2962 dissimilitudinis
1391 2897 1505 2961 vocula
1526 2896 1640 2961 omissa
1657 2895 1748 2961 notio
1763 2895 1941 2983 negationis
1955 2896 1991 2961 iu

279 3020 376 3086 verbo
400 3020 531 3099 (oblitus
552 3021 637 3096 sum)
659 3019 763 3085 inesse
785 3019 920 3097 videtur,
943 3020 977 3086 id
999 3021 1085 3108 quod
1109 3020 1246 3108 Spengel
1267 3043 1326 3086 nos
1349 3020 1451 3097 dccet,
1475 3040 1574 3106 quum
1597 3019 1690 3084 dicit:
1714 3042 1753 3084 oc
1771 3020 1814 3086 ist
1828 3018 1896 3085 hier
1911 3016 1990 3085 thn-

279 3144 342 3210 ncu
369 3155 492 3230 geretur
518 3143 577 3209 wie
600 3142 682 3209 mon
710 3143 793 3208 aun
820 3143 887 3208 uec
917 3144 979 3210 don
1006 3145 1168 3232 aaron
1190 3145 1246 3210 <ur
1268 3123 1479 3209 laniemur
1500 3141 1567 3208 uns
1594 3141 1989 3220 verecundantem

279 3268 335 3333 das
365 3267 543 3354 Vergeascn
569 3267 611 3333 iet
633 3267 685 3331 cin
713 3266 978 3332 Andersbandsln
1007 3269 1052 3333 ala
1079 3291 1153 3334 man
1180 3268 1247 3334 eioh
1273 3288 1522 3354 vorgenommen
1550 3266 1649 3332 hatte.
1695 3265 1897 3354 Eigentlieh:
1921 3265 1989 3332 uud

278 3391 330 3456 ich
353 3392 462 3456 vollte
485 3413 518 3456 cs
541 3389 623 3455 doch
646 3413 742 3477 sagea
765 3414 806 3442 =
830 3390 978 3457 wahrend
1000 3391 1054 3458 ich
1076 3415 1109 3458 es
1133 3391 1214 3459 doch
1230 3414 1326 3478 sagea
1342 3390 1449 3457 wolltc
1462 3390 1497 3473 ¹).
1530 3390 1631 3476 Cujus
1646 3390 1789 3477 exempli
1803 3391 1836 3456 iu
1852 3402 1988 3477 utroque

280 3513 424 3580 membro
447 3514 566 3600 legitur
588 3512 777 3579 indicativus
800 3514 941 3601 perfecti.

413 3637 500 3703 Adn.
528 3638 559 3702 3.
610 3636 719 3702 Restat
744 3660 821 3702 vero
848 3661 948 3702 unum
975 3639 1167 3725 exemplum,
1195 3637 1229 3702 in
1257 3661 1319 3723 quo
1347 3649 1441 3720 atquc
1464 3637 1648 3721 conjunctio
1672 3637 1712 3702 ad
1733 3634 1989 3723 comparativum

279 3761 439 3850 particula
460 3760 640 3847 negationis
662 3760 805 3826 additum
820 3761 955 3825 refertur
971 3759 1072 3824 Andr.
1091 3761 1154 3824 698
1171 3783 1234 3824 uon
1251 3759 1415 3847 Apollinis
1431 3762 1533 3845 mayis
1548 3782 1656 3824 veram
1671 3772 1765 3843 atquc
1780 3759 1838 3824 loc
1853 3781 1990 3847 respua-

279 3896 388 3961 sumst,
411 3885 504 3968 cujus
526 3907 602 3949 usus
623 3884 770 3970 exempla
793 3883 941 3948 Plautina
963 3883 1100 3971 Spengel
1122 3884 1216 3949 affert
1236 3884 1331 3949 llere.
1350 3883 1414 3948 897
1432 3886 1570 3949 amicior
1585 3884 1666 3948 initi
1680 3883 1788 3949 nullus
1803 3885 1881 3950 vicit
1896 3895 1991 3967 acque

281 4011 308 4072 is
331 4018 384 4072 est.
431 4006 501 4070 Cas.
525 4005 557 4067 V
582 4007 612 4081 1,
637 4007 655 4068 7
679 4028 735 4070 nec
752 4004 927 4091 fallacium
950 4008 1132 4072 astutiorem
1155 4006 1239 4070 ullus
1258 4007 1342 4092 fecit
1360 4018 1459 4093 posta
1482 4018 1576 4088 atquc
1597 4018 1633 4072 ut
1649 4006 1714 4071 too
1729 4019 1774 4072 cst
1783 4008 1884 4093 fabre
1893 4007 1991 4094 sacta

282 4157 303 4196 u
325 4131 424 4209 nolu,
448 4152 582 4216 quorum
604 4129 824 4215 exemplorum
846 4129 957 4195 eadem
979 4140 1028 4194 eat
1049 4130 1138 4207 ratio,
1161 4128 1207 4194 ita
1229 4142 1266 4194 ut
1288 4141 1382 4211 atque
1404 4130 1585 4215 conjunctio
1600 4131 1640 4196 ad
1655 4132 1903 4218 comparativum
1919 4152 1990 4219 par·

282 4255 385 4322 ticulae
406 4252 582 4341 negationis
604 4251 747 4317 additum
770 4251 934 4317 referatur.
1407 4236 1417 4249 ’

287 4430 289 4435 .
416 4378 500 4443 Adu.
525 4379 557 4442 4.
603 4377 652 4442 Ut
672 4397 769 4461 quam
791 4376 977 4462 particulam
1000 4396 1236 4461 nonnumquam
1259 4375 1399 4441 adramis
1414 4377 1599 4443 adverbium
1615 4378 1838 4466 comparativa
1853 4377 1991 4444 notionis

283 4503 393 4569 referri
417 4502 485 4587 jam
514 4523 608 4589 supra
634 4499 713 4577 dixi,
740 4499 786 4565 ita
808 4499 904 4564 etiam
927 4521 965 4562 cc
987 4498 1140 4585 particula
1162 4496 1202 4563 ad
1224 4521 1310 4563 semis
1332 4498 1520 4564 adverbium
1541 4501 1652 4566 referri
1674 4514 1789 4588 potest
1836 4503 1907 4582 Quo
1929 4523 1990 4566 usu

282 4652 320 4693 cc
342 4626 456 4692 vocula
476 4623 627 4690 advcffiio
649 4623 707 4688 illo
729 4625 841 4703 (secus)
864 4621 992 4687 cuidam
1015 4621 1190 4707 negationis
1211 4622 1375 4708 partioulae
1396 4622 1505 4687 addito
1528 4623 1687 4690 interdum
1710 4640 1783 4692 ante
1799 4625 1990 4692 enunciatio-

405 4872 413 4889 ”
421 4906 444 4976 ¹)
462 4908 495 4961 A.
514 4904 642 4976 apuu:
680 4904 731 4960 ure
752 4902 897 4961 maran
915 4902 963 4960 aes
981 4903 1011 4958 u.
1030 4902 1181 4966 remens,
1200 4901 1295 4957 aare
1314 4901 1468 4970 mnenon,
1488 4904 1600 4972 andra,
1620 4905 1713 4962 acran
1733 4908 1811 4974 urs,
1831 4924 1858 4980 p.
1878 4907 1937 4961 uc.
