4576 5784
340 416 381 485 26

427 598 461 679 2)
484 597 675 663 Einunciatio
699 621 756 686 per
778 601 825 664 ito
847 595 1032 666 adverbium
1055 596 1138 666 elata
1158 597 1319 667 interdum
1341 624 1406 667 non
1429 613 1502 668 ante
1524 601 1654 668 alteram
1677 603 1791 690 posits,
1807 604 1861 670 sed
1874 601 1911 671 in
1925 627 2001 672 earn

291 720 408 789 inserta
432 723 603 788 invenitur.
654 723 725 803 Quo
751 747 810 789 usu
837 724 872 789 in
899 724 1041 790 membro
1067 747 1123 812 per
1144 726 1190 790 ito
1212 725 1400 813 particulam
1422 726 1506 792 clsto
1527 748 1652 815 temper
1672 728 1896 813 conjunctivus
1917 751 2000 818 pre-

290 848 396 927 sentis,
420 848 454 913 in
477 849 576 913 altero
599 861 704 914 autern
727 849 869 915 membro
890 871 971 938 sepe
993 848 1184 916 indicativus
1206 863 1262 916 aut
1284 850 1444 938 presentis
1466 863 1522 917 aut
1544 851 1674 939 perfecti
1697 865 1875 940 usurpstsu.

423 974 455 1057 a)
477 973 621 1039 Primum
642 972 835 1039 indicativus
857 975 1020 1063 presentis
1042 973 1159 1062 legitur
1181 974 1232 1040 his
1253 975 1288 1040 in
1308 975 1479 1064 exemplis:
1524 976 1608 1041 Eun.
1631 976 1696 1042 882
1721 988 1751 1042 te
1771 999 1896 1064 quoque
1909 978 1998 1065 jusu,

294 1097 402 1175 Tbes’r,
430 1099 478 1162 ito
504 1120 553 1162 me
581 1099 617 1162 di
639 1110 754 1176 ament,
782 1120 861 1162 nmo.
907 1098 1024 1164 Heaut.
1048 1098 1113 1164 308
1132 1119 1205 1186 pru
1225 1100 1357 1186 pordic,
1381 1102 1429 1166 ito
1449 1123 1499 1166 mc
1521 1101 1557 1165 di
1579 1112 1694 1178 666661,
1717 1101 1774 1167 ubi
1794 1104 1855 1167 sim
1876 1106 1996 1169 meio.

288 1220 367 1287 ibid.
396 1222 462 1286 383
489 1225 696 1309 minumeque,
719 1226 767 1287 ita
788 1246 837 1288 me
859 1225 896 1288 da'
917 1234 1029 1301 ament,
1051 1225 1152 1287 miror
1172 1226 1202 1289 ri
1224 1235 1253 1288 tc
1274 1225 1337 1289 ribi
1359 1227 1489 1311 quisquo
1511 1227 1639 1312 sepem.
1685 1223 1765 1291 Hee.
1790 1227 1855 1293 206
1878 1230 1997 1306 senio,

288 1349 336 1411 ita
358 1369 407 1412 me
429 1349 465 1411 da'
486 1359 601 1424 ament,
625 1350 671 1412 mr'
692 1346 822 1426 Locha,
846 1350 954 1435 itaque
976 1370 1040 1412 unc
1063 1349 1146 1414 iuter
1167 1371 1223 1413 nos
1246 1371 1339 1436 apere
1361 1360 1483 1414 atatem
1506 1348 1609 1426 716661,
1632 1348 1666 1414 in
1681 1372 1743 1437 qno
1757 1350 1907 1439 exemplo
1922 1350 1996 1417 duae

286 1471 526 1537 enunciationes
553 1494 609 1559 per
636 1474 682 1536 ito
709 1471 797 1537 elntae
823 1472 1038 1538 inveniuntur.
1077 1471 1145 1538 ibid
1173 1473 1237 1537 233
1263 1474 1397 1559 paradeo,
1425 1476 1472 1538 ito
1500 1497 1548 1539 me
1576 1475 1612 1538 dr·
1633 1486 1748 1554 ament,
1769 1478 1863 1561 quoti
1884 1486 1993 1542 causo.

286 1595 363 1660 ibid.
394 1595 457 1660 642
488 1596 571 1671 bene,
599 1598 647 1661 ito
671 1618 723 1661 me
749 1597 786 1662 di
811 1607 924 1675 ament,
953 1599 1089 1662 nuntiae.
1140 1595 1267 1662 Phorm.
1289 1597 1355 1662 954
1378 1600 1518 1677 monstri,
1541 1600 1588 1663 ito
1611 1600 1853 1678 mediantem,
1876 1600 1992 1667 simile.

286 1719 531 1806 Nonnumquam
557 1733 663 1786 autem
691 1721 788 1786 altera
815 1721 992 1787 enunciatio
1019 1720 1188 1800 omittitur,
1215 1733 1254 1787 ut
1281 1720 1359 1787 Hec.
1384 1722 1448 1787 864
1472 1725 1519 1787 itu
1541 1745 1591 1788 me
1613 1723 1649 1786 dr·
1670 1735 1786 1802 emeat,
1808 1723 1992 1812 Pamphile,

284 1845 340 1910 ubi
363 1868 468 1911 verum
492 1847 564 1911 dico
586 1845 638 1910 vel
660 1844 723 1911 talc
745 1844 822 1932 quid
845 1844 1037 1933 cogitatione
1060 1845 1242 1912 addendum
1264 1858 1322 1911 cst.

416 1969 452 2053 b)
480 1969 602 2036 Deinde
629 1970 818 2036 indicativus
845 1969 979 2059 perfecti
1006 1982 1176 2059 usurpetur
1203 1969 1252 2035 his
1275 1970 1309 2035 in
1332 1969 1500 2059 exemplis:
1547 1969 1664 2036 Heaut.
1690 1971 1754 2036 569
1777 1982 1812 2035 ut
1834 1972 1990 2059 spondam,

282 2097 329 2160 ito
352 2117 401 2160 me
423 2095 459 2159 di
480 2105 593 2172 ament,
616 2097 722 2159 metui.
768 2093 897 2159 Pborm.
922 2095 987 2160 883
1009 2095 1091 2172 bene,
1108 2098 1155 2160 itu
1169 2117 1218 2159 me
1234 2096 1270 2159 di
1284 2107 1398 2171 omme,
1409 2093 1547 2181 sactum,
1563 2093 1649 2181 quod
1665 2094 1849 2184 exemplum
1864 2095 1989 2162 inveni·

282 2231 334 2284 tur
356 2219 451 2284 etiam
473 2219 556 2283 Eun.
583 2219 678 2283 1037.
725 2215 798 2284 Uno
820 2232 926 2284 autem
950 2219 1019 2284 loco
1042 2217 1160 2306 iegitur
1182 2219 1404 2304 conjunctivus
1426 2217 1603 2306 imperfecti
1627 2218 1742 2284 Heaut.
1767 2219 1832 2284 953
1852 2241 1925 2298 uon,
1941 2223 1989 2285 t'tc

280 2366 330 2408 mc
352 2344 388 2407 di
409 2355 524 2420 nutem,
547 2343 677 2408 auderet
694 2343 807 2431 facere
829 2344 895 2408 hoec
916 2344 1020 2408 vidue
1041 2343 1179 2408 mulieri.

418 2469 504 2534 Adn.
555 2468 678 2549 Quibus
711 2468 745 2533 in
778 2468 936 2556 exemplis
962 2466 1082 2557 ubique
1109 2477 1280 2554 usurpatur
1307 2466 1428 2533 locutio
1454 2467 1511 2532 illa
1537 2470 1597 2547 (ito
1619 2489 1669 2533 ms
1697 2468 1733 2532 da‘
1760 2473 1889 2548 ament),
1917 2491 1988 2557 quse

279 2593 368 2680 quasi
389 2592 423 2659 in
446 2593 601 2680 quandam
624 2592 843 2660 obtestationis
865 2592 1033 2658 formulam
1056 2592 1203 2658 transisse
1226 2592 1361 2657 videtur.
1407 2591 1484 2672 Que
1507 2591 1655 2671 formuls,
1678 2592 1827 2658 siomnia
1840 2593 1988 2682 exempla

277 2718 499 2796 numeraveris,
528 2717 688 2782 invenitur
715 2740 778 2782 uno
804 2730 837 2783 et
863 2716 978 2803 viginti
1007 2715 1056 2781 bis
1082 2716 1173 2782 locis:
1224 2714 1327 2780 Andr.
1357 2717 1432 2780 947.
1477 2715 1561 2781 Eun.
1584 2717 1661 2793 474,
1686 2716 1760 2795 615,
1785 2715 1861 2795 882,
1887 2717 1984 2782 1037.

278 2839 394 2906 Heaut.
419 2840 494 2919 308,
518 2841 594 2920 383,
619 2841 694 2919 569,
718 2841 793 2919 686,
818 2841 893 2905 953.
940 2839 1066 2905 Phorm.
1093 2840 1167 2919 165,
1192 2839 1266 2917 883,
1290 2839 1364 2905 954.
1411 2839 1491 2904 Η66.
1516 2840 1591 2918 206,
1615 2839 1691 2918 233,
1715 2840 1790 2918 258,
1813 2839 1889 2919 276,
1906 2840 1983 2920 579,

278 2965 354 3043 642,
383 2964 457 3029 804.
509 2964 646 3052 Adelph.
676 2966 751 3029 749.
804 2964 879 3030 Alia
905 2986 980 3029 vero
1007 2964 1125 3029 locutio
1152 2966 1213 3043 (ito
1240 2986 1289 3028 me
1317 2965 1353 3027 ἀί
1379 2963 1543 3042 amabunt)
1568 2961 1694 3028 duobus
1722 2962 1799 3028 locis
1820 2963 1985 3030 invenitur

277 3087 393 3154 Heaut.
429 3089 503 3154 749.
561 3088 640 3154 Hec.
679 3088 751 3153 106.
808 3088 886 3153 Alia
918 3100 1024 3155 autem
1058 3087 1178 3153 locutio
1212 3089 1272 3167 (sic
1304 3108 1353 3153 me
1380 3090 1416 3151 di
1441 3087 1606 3166 amabunt)
1633 3087 1793 3153 6661666
1819 3087 1985 3154 invenitur

277 3212 394 3280 Heaut.
417 3214 493 3277 463.

1085 3623 1161 3699 Vl.

803 3899 856 3967 De
878 3899 1011 3969 musali
1034 3900 1177 3968 notione
1199 3907 1233 3966 ut
1254 3900 1447 3985 particule.

405 4098 498 4164 Nunc
530 4098 571 4164 de
604 4097 697 4164 tertia
718 4098 814 4185 hujus
841 4099 1003 4187 particulae
1026 4098 1256 4186 significatione
1279 4122 1377 4187 pauca
1398 4098 1512 4178 dicam,
1536 4121 1598 4185 qun
1619 4098 1703 4164 inter
1724 4098 1803 4164 duas
1825 4098 1974 4165 enuncia·

269 4224 370 4290 tiones
397 4246 454 4312 per
479 4235 514 4287 ut
542 4223 726 4310 porticulum
751 4223 933 4308 conjunctas
960 4223 1117 4311 quendam
1140 4245 1304 4290 causarum
1326 4245 1447 4290 nexum
1468 4223 1660 4289 intercedere
1682 4221 1888 4309 significatur,
1911 4244 1976 4310 quo

269 4371 330 4414 usu
363 4360 398 4414 ut
431 4348 588 4436 porticula
614 4348 718 4413 nescio
744 4372 784 4413 sn
812 4371 901 4436 pene
928 4347 1014 4414 idem
1041 4349 1178 4415 indicare
1205 4347 1350 4414 videatur
1377 4360 1471 4434 atque
1498 4348 1582 4435 quod
1607 4346 1794 4433 conjunctio.
1840 4344 1890 4413 De
1911 4350 1976 4434 qua

268 4474 400 4539 notione
424 4474 539 4561 Meuge
562 4474 606 4562 (p.
632 4473 711 4555 227)
735 4472 802 4538 haec
824 4472 924 4538 docet:
950 4473 1010 4539 »Ut
1032 4485 1086 4551 est,
1111 4485 1188 4550 mr,
1208 4472 1279 4560 fait
1301 4473 1361 4538 urit
1382 4471 1566 4559 folgendcm
1590 4470 1867 4538 Prtdicatsnomen
1883 4470 1974 4538 dicut

267 4621 339 4664 sum
367 4599 557 4664 Ausdrucke
585 4598 641 4664 des
668 4598 851 4677 Zustandee,
879 4598 913 4663 in
941 4597 1094 4663 welcbem
1122 4597 1193 4663 eine
1221 4596 1337 4662 Persou
1364 4598 1441 4662 oder
1469 4594 1569 4662 Socho
1597 4596 1682 4662 beim
1704 4596 1859 4662 Eintritte
1882 4594 1974 4662 einer

266 4723 440 4812 Handlung
450 4723 519 4788 sich
534 4723 651 4810 genade
672 4708 813 4789 bcfindet
834 4723 909 4791 oder
931 4721 1059 4800 besand,
1084 4721 1159 4788 oder
1181 4720 1263 4787 auch
1285 4743 1341 4786 um
1363 4721 1434 4786 eine
1457 4720 1674 4808 Begritndung
1696 4719 1751 4785 des
1773 4720 1819 4786 im
1843 4719 1972 4808 Haupt·

263 4858 347 4912 satae
381 4849 602 4934 Ausgesugten
636 4846 835 4934 beiaufugeu,
869 4846 933 4911 sant
959 4845 993 4911 in
1016 4846 1088 4912 dem
1112 4844 1207 4911 Sinne
1230 4868 1292 4910 von
1314 4844 1399 4932 quod
1422 4845 1546 4928 (6611)».
1595 4845 1644 4909 Ita
1658 4866 1735 4909 vero
1757 4855 1908 4932 usurpata
1929 4852 1969 4909 ut

263 4971 419 5059 particula
440 4993 564 5058 semper
585 4972 651 5037 sere
676 4995 750 5038 cunr
772 4970 945 5036 indicativo
968 4969 1131 5058 presentis
1153 4969 1368 5055 conjungitur.
