4530 5776
332 402 373 469 10

415 582 502 647 Adn.
526 583 558 644 4.
603 581 768 647 Interdum
797 604 891 667 quam
917 581 1027 645 vocula
1055 604 1129 645 cum
1155 580 1380 668 comparativo,
1403 583 1455 646 cui
1476 581 1617 668 quaedam
1640 579 1816 668 negationis
1830 563 1991 668 particula

282 705 418 784 additur,
442 706 612 791 conjuncta
633 717 706 770 ante
730 704 1246 770 enunciationem'conditionalem
1269 705 1408 792 ponitur,
1432 706 1525 790 cujus
1548 724 1747 770 uauaunum
1762 717 1867 770 exstat
1880 727 1993 770 exem·

283 830 373 917 plum
402 830 485 893 Eun.
513 830 555 893 61
579 852 624 915 sq.
648 832 769 894 incerta
793 829 857 892 lec
878 832 907 894 si
930 841 964 893 tu
982 829 1124 916 postules
1147 832 1271 894 ratione
1294 842 1379 894 certa
1397 830 1520 916 secere,
1543 830 1611 895 nilo
1630 831 1708 918 plna
1731 852 1817 915 aqua,
1841 853 1937 915 quom
1962 832 1995 893 aa‘

283 956 337 1019 dea
360 976 490 1040 operum
512 965 547 1018 ut
571 977 640 1018 cum
662 957 783 1019 ratione
804 956 954 1018 insanias.

1104 1256 1164 1333 Ill.

872 1445 923 1513 lle
946 1453 1006 1511 tra
1030 1484 1070 1496 -
1095 1470 1181 1534 quom
1204 1448 1401 1531 particulis.

416 1591 469 1655 Ad
495 1590 640 1678 exempla
667 1602 798 1664 transeo,
827 1589 861 1654 in
887 1589 1001 1676 quibus
1030 1601 1093 1654 tona
1122 1590 1306 1655 adverbium
1329 1614 1425 1676 quom
1447 1590 1611 1678 particula
1633 1589 1813 1677 respondet,
1837 1612 1900 1675 quo
1924 1612 1989 1655 usu

280 1739 374 1801 quom
400 1714 576 1801 germanice
599 1714 665 1800 cus
681 1713 802 1799 pleiehc
835 1713 932 1778 Weiss
953 1716 1021 1790 soie,
1046 1714 1161 1779 avetice
1182 1719 1286 1779 adrem
1309 1715 1564 1802 interpretamur,
1585 1738 1647 1801 qua
1667 1713 1899 1801 significatione
1915 1736 1987 1801 par·

279 1839 376 1904 ticula
398 1862 523 1926 semper
544 1839 609 1903 sere
631 1860 704 1903 cum
726 1837 898 1903 indicativo
921 1838 1136 1930 conjungitur.

413 1965 445 2045 a)
480 1963 517 2028 In
550 1975 687 2049 utroque
715 1962 858 2026 membro
885 1962 1005 2048 legitur
1031 1962 1222 2027 indicativus
1249 1963 1425 2050 praesentis:
1477 1963 1614 2051 Adelph.
1644 1961 1709 2028 Ι501
1738 1987 1782 2049 sq.
1812 1986 1906 2048 quom
1935 1984 1988 2028 vos

275 2077 446 2176 facillume
468 2091 574 2172 cyitis,
598 2109 692 2172 quom
716 2090 788 2151 satia
810 2109 956 2150 maxume
974 2098 1119 2173 potenter
1142 2089 1222 2151 dites
1239 2086 1405 2174 fortonati
1426 2088 1554 2165 nobiles,
1580 2101 1644 2152 tant
1667 2111 1814 2152 mommo
1828 2111 1883 2153 coa
1897 2107 1986 2174 oeqao

279 2215 386 2277 animo
409 2232 497 2298 oequa
519 2234 644 2276 noscere
667 2223 801 2297 oportet,
823 2210 857 2275 in
880 2234 942 2296 quo
961 2211 1106 2297 exemplo
1125 2234 1224 2297 quum
1244 2234 1338 2297 quom
1353 2211 1525 2298 facillume
1543 2213 1695 2279 vocabula
1710 2212 1836 2278 relativi
1851 2212 1986 2277 membri

278 2337 487 2424 respondeant
510 2346 574 2400 tom
596 2357 743 2399 maxume
764 2334 924 2400 vocabulis
946 2335 1185 2401 demonstrativi
1208 2336 1353 2414 membri,
1376 2359 1442 2401 non
1464 2337 1602 2402 alienum
1618 2360 1685 2402 ease
1701 2338 1827 2402 videtur
1841 2335 1901 2402 hoc
1915 2337 1987 2401 loco

279 2460 445 2526 admonere
467 2481 536 2525 eam
558 2458 830 2546 comparationem,
854 2482 923 2545 quae
946 2481 1001 2546 per
1024 2482 1118 2545 qaam
1141 2459 1313 2546 facillume
1335 2496 1377 2505 —
1402 2473 1467 2524 tam
1490 2483 1636 2525 maxume
1650 2461 1821 2548 particulas
1835 2460 1982 2539 efficitur,

278 2586 373 2651 etiam
401 2608 458 2672 per
484 2607 546 2670 pao
574 2583 706 2667 facilius
734 2619 776 2630 —
800 2605 835 2648 eo
858 2586 961 2671 Μαρία
983 2584 1109 2649 voculas
1132 2583 1270 2672 exprimi
1294 2607 1380 2671 pose,
1404 2606 1594 2671 quemquam
1617 2583 1673 2650 illa
1695 2585 1888 2672 comparatio
1912 2584 1985 2672 plus

278 2709 427 2797 ponderis
455 2731 549 2794 quam
576 2708 643 2772 haec
671 2706 786 2772 habere
814 2708 946 2773 videtur.
998 2708 1036 2773 In
1064 2708 1168 2797 priore
1190 2721 1295 2775 autem
1319 2708 1461 2774 membro
1485 2707 1645 2775 invenitur
1667 2708 1858 2774 indicativus
1882 2708 1985 2774 futuri

278 2856 343 2898 uno
365 2834 434 2897 loco
457 2831 595 2919 Adelph.
621 2833 685 2897 849
711 2843 776 2896 tam
800 2844 958 2896 excoctam
981 2834 1115 2897 reddum
1138 2845 1229 2919 atquc
1251 2846 1356 2898 otram
1379 2857 1473 2920 qaam
1497 2835 1632 2899 conbort.

411 2957 447 3039 b)
470 2957 509 3021 In
523 2937 660 3042 'utroque
676 2955 818 3020 membro
834 2968 1003 3043 usurpatur
1016 2955 1205 3022 indicativus
1221 2957 1321 3022 futuri
1337 2956 1452 3023 Heaut.
1470 2959 1533 3023 997
1552 2981 1733 3045 numquam
1750 2981 1895 3022 maxume
1911 2958 1986 3022 baie

277 3106 359 3147 oona
383 3083 447 3147 hoec
468 3084 602 3168 suspitio
626 3083 695 3157 erit,
720 3092 785 3145 tam
804 3080 975 3167 facillume
993 3083 1100 3167 patris
1119 3083 1290 3168 paremio
1314 3081 1394 3167 lapsa
1418 3085 1563 3170 conficiet
1585 3105 1668 3160 suos,
1692 3082 1725 3146 in
1750 3104 1813 3169 quo
1836 3079 1984 3168 exemplo

277 3231 371 3294 quom
400 3229 545 3271 maxume
571 3176 725 3270 vocabhla
750 3205 877 3270 relativi
903 3205 1039 3270 membri
1066 3204 1258 3291 respondent
1282 3217 1347 3270 tam
1365 3206 1537 3293 facillume
1559 3207 1722 3273 vocabulis
1746 3205 1983 3272 demonstrativi

278 3330 422 3408 membri,
447 3353 516 3416 quae
539 3329 730 3416 comparatio
753 3353 823 3415 quae
845 3328 1009 3415 qualiaque
1032 3329 1082 3405 sit,
1104 3328 1170 3412 jam
1195 3352 1289 3415 supra
1311 3329 1388 3395 dixi.
1436 3330 1473 3394 In
1497 3331 1599 3418 priore
1616 3343 1722 3396 autem
1739 3329 1881 3396 membro
1896 3330 1983 3395 inve·

276 3456 364 3519 nitur
394 3454 618 3539 conjunctivus
647 3454 817 3540 optativus,
844 3452 879 3517 in
906 3475 969 3538 quo
997 3452 1080 3517 inest
1105 3453 1155 3517 via
1181 3452 1322 3539 quaedam
1351 3453 1453 3519 futuri
1481 3456 1632 3542 temporis
1660 3456 1742 3520 Eun.
1773 3457 1983 3519 cloacinam

278 3590 342 3642 tam
365 3578 491 3663 aliquid
513 3579 653 3643 invenire
670 3576 775 3665 facilc
793 3579 908 3664 possis,
932 3576 1094 3654 Ptaedria,
1118 3601 1213 3663 quom
1238 3578 1296 3643 hcc
1314 3579 1445 3666 peribit.

410 3702 495 3766 Adn.
523 3702 550 3765 1.
597 3701 625 3765 E
649 3702 763 3788 quibua
785 3701 938 3789 exemplis
957 3703 1026 3787 jam
1048 3702 1117 3766 dixi
1141 3702 1206 3765 duo
1229 3724 1291 3788 pree
1314 3672 1427 3767 ceteris
1442 3699 1635 3765 observanda
1649 3720 1716 3762 esse
1733 3697 1887 3786 (Adelph.
1906 3699 1981 3778 501,

277 3826 392 3891 Heaut.
423 3826 510 3907 997),
540 3848 675 3911 quorum
701 3826 735 3890 in
763 3838 898 3911 utroque
925 3825 1065 3890 membro
1088 3847 1183 3910 quam
1206 3837 1239 3888 et
1262 3835 1326 3888 lons
1350 3823 1514 3912 particulis
1536 3822 1661 3888 additur
1684 3821 1903 3910 superlativus.
1951 3828 1983 3887 A

276 3973 338 4034 quo
364 3971 425 4013 usu
451 3948 601 4013 transitus
628 3948 665 4013 fit
692 3949 731 4014 ad
763 3972 833 4013 eam
862 3946 987 4013 dicendi
1009 3949 1176 4027 rationem,
1199 3971 1297 4035 quum
1322 3960 1386 4012 tam
1409 3947 1563 4012 vocabulo
1586 3945 1826 4011 demonstrativi
1850 3948 1983 4011 membri

276 4073 389 4136 omisso
412 4071 591 4136 enunciatio
613 4073 824 4159 comparativa
846 4095 901 4160 per
923 4096 1017 4158 quam
1040 4072 1227 4160 particulam
1250 4072 1441 4160 superlativo
1457 4070 1596 4169 additam
1612 4071 1753 4136 effertur.
1790 4071 1889 4157 Cujus
1905 4094 1980 4136 usus

276 4218 374 4260 unum
403 4207 506 4261 exstat
532 4194 715 4283 exemplum
742 4196 825 4260 Eun.
856 4198 898 4259 74
926 4199 990 4261 aiei
1015 4208 1051 4261 at
1079 4209 1108 4261 te
1135 4198 1274 4262 redimas
1302 4208 1430 4284 captum
1453 4219 1547 4282 quom
1569 4218 1664 4281 queas
1686 4198 1838 4270 minume,
1861 4193 1895 4257 in
1918 4217 1980 4279 quo

276 4298 423 4407 exemplo
450 4320 672 4405 conjunctivus
699 4342 754 4407 per
781 4320 867 4385 modi
892 4322 1122 4399 attractionem,
1152 4342 1247 4408 quam
1269 4333 1396 4399 vocent,
1419 4320 1563 4385 adhiberi
1586 4320 1724 4384 videtur.
1771 4316 1925 4397 Qualibus
1948 4318 1981 4380 in

275 4443 487 4509 locutionibus
514 4444 613 4510 verbo
636 4467 767 4533 possum
794 4445 845 4509 vel
868 4467 946 4530 queo
973 4446 1089 4511 omisso
1112 4468 1206 4532 quom
1229 4445 1416 4532 particulam
1440 4444 1538 4509 solam
1561 4442 1754 4531 superlativo
1783 4441 1858 4507 addi
1881 4441 1981 4506 solere

274 4591 368 4634 nemo
390 4591 453 4633 non
476 4569 640 4654 cognitum
664 4569 767 4673 habet.
815 4568 928 4648 Qualia
946 4569 1103 4658 exempla,
1120 4570 1274 4656 quianon
1290 4568 1334 4634 ita
1350 4570 1450 4634 multa
1464 4568 1549 4655 apud
1565 4567 1750 4632 Terentium
1766 4564 1980 4644 inveniuntur,

274 4691 425 4757 hocloco
448 4692 591 4757 afferam:
616 4695 873 4780 quamprimum
897 4693 1023 4759 Phorm.
1048 4695 1124 4773 985,
1148 4694 1228 4759 Hec.
1253 4694 1329 4771 394,
1354 4693 1454 4757 Andr.
1477 4691 1552 4768 351,
1570 4688 1708 4777 Adelph.
1729 4690 1804 4767 989,
1821 4688 1887 4754 ibid
1905 4690 1979 4766 516;

273 4838 366 4901 quom
390 4838 536 4881 macume
559 4815 635 4882 Hec.
661 4817 714 4895 51,
737 4816 878 4904 Adelph.
904 4818 979 4895 996,
1003 4818 1119 4884 Heaut.
1144 4819 1197 4896 50;
1221 4841 1316 4904 quom
1334 4816 1526 4903 plurimum:
1552 4812 1683 4901 Adelph
1707 4813 1782 4892 813,
1807 4814 1884 4878 ibid.
1903 4813 1978 4890 8683

272 4962 367 5024 quom
385 4939 539 5026 plurimis
561 4939 644 5004 Eun.
671 4942 705 5018 9;
729 4964 822 5026 quom
847 4943 1059 5007 decanatuum
1084 4942 1183 5007 Andr.
1209 4941 1285 5016 385;
1309 4962 1403 5028 quam
1425 4941 1566 5003 minume
1591 4936 1669 5001 Hec.
1695 4937 1750 5002 69.
