4530 5776
1050 1183 1364 1295 UT...

1116 1544 1143 1619 1.

830 1800 883 1868 Be
905 1802 940 1878 ri
963 1820 1003 1869 ac
1026 1804 1156 1870 natura
1178 1810 1213 1870 ut
1233 1803 1427 1888 particula.

406 2019 592 2104 Antequam
618 2016 659 2083 ad
687 2016 812 2103 singula
834 2019 981 2106 exempla
1007 2020 1216 2084 enumeranda
1239 2030 1372 2098 uansec,
1397 2042 1466 2106 quae
1488 2019 1658 2108 qualesque
1682 2019 1746 2084 sint
1768 2018 1864 2104 hujus
1887 2020 1981 2106 parti·

272 2140 352 2207 cula
374 2140 521 2207 notiones
543 2162 645 2229 pauca
667 2139 780 2219 dicam,
806 2163 939 2229 quarum
963 2155 1099 2229 quatuor
1120 2165 1236 2230 genera
1258 2142 1464 2209 discernenda
1485 2166 1552 2208 esse
1574 2143 1730 2208 videntur.

411 2265 445 2349 1)
468 2264 613 2330 Primum
637 2264 766 2351 quidem
789 2288 887 2352 quum
911 2266 979 2331 duae
1003 2267 1236 2332 enunciationes
1259 2290 1315 2354 per
1336 2279 1371 2330 ut
1389 2268 1574 2355 particulam
1589 2266 1672 2332 inter
1687 2290 1721 2331 se
1737 2268 1984 2353 conjunguntur,

273 2388 474 2475 significatur
500 2410 568 2453 rem
594 2386 732 2475 aliquam
760 2389 873 2476 prioris
897 2391 1031 2457 membri
1054 2414 1128 2455 cum
1150 2414 1184 2455 rc
1206 2392 1336 2457 alterius
1359 2392 1491 2457 membri
1514 2391 1597 2456 inter
1619 2414 1652 2456 se
1675 2390 1857 2477 comparari,
1881 2390 1926 2456 ita
1948 2404 1985 2455 ut

273 2524 408 2601 utraque
429 2535 480 2579 res
502 2510 614 2579 eadem
637 2512 733 2577 modo
756 2536 822 2578 esse
845 2515 897 2579 vel
913 2514 983 2580 fieri
997 2515 1166 2580 iudicetur.
1214 2515 1285 2594 Qua
1298 2516 1338 2580 de
1355 2516 1485 2580 notione
1503 2515 1619 2600 Mcnge
1635 2515 1701 2578 haec
1716 2515 1810 2579 decet
1826 2514 1867 2595 ¹):
1908 2514 1983 2579 »Die

273 2636 441 2703 Partikaln
463 2639 521 2703 scie
544 2670 588 2684 -
610 2658 653 2715 so,
675 2649 710 2701 ut
733 2673 765 2683 -
799 2641 854 2716 ita,
877 2638 995 2703 welche
1018 2638 1215 2725 gewbhnlich
1232 2639 1414 2703 bestimmtc
1430 2638 1528 2703 Facta
1543 2637 1617 2702 oder
1632 2636 1859 2703 thateachliche
1874 2637 1986 2721 (reale)

273 2758 536 2847 Erschainungen
562 2760 623 2825 mit
647 2760 795 2826 einander
822 2761 1033 2848 vergleicbcn,
1058 2761 1168 2827 steheu
1191 2763 1250 2827 mit
1273 2763 1344 2827 dem
1368 2761 1548 2827 Iudicatur».
1596 2761 1697 2846 Cujus
1720 2761 1860 2826 notionis
1883 2762 1985 2827 multa

280 2883 431 2973 exempla
452 2882 535 2949 infra
555 2882 735 2951 afferentur.

410 3008 445 3091 2)
465 3006 591 3075 Deinde
620 3029 720 3093 quum
748 3009 817 3095 quis
844 3009 999 3074 formulas
1027 3010 1177 3096 quasdam
1205 3010 1462 3087 obtestationnm,
1490 3008 1605 3096 quibua
1633 3009 1752 3096 aliquid
1780 3032 1889 3074 rerum
1919 3033 1986 3075 ease

274 3130 517 3210 demonstretur,
545 3154 736 3221 componere
763 3133 843 3209 vult,
873 3136 920 3197 ita
947 3132 1132 3198 adverbium
1160 3134 1194 3198 in
1222 3133 1469 3199 demonstrativo
1497 3132 1646 3209 membro,
1680 3145 1715 3195 ut
1742 3134 1924 3218 conjunct-io
1951 3134 1985 3198 in

272 3254 407 3323 relativo
428 3254 573 3322 membro
594 3268 773 3344 usurpatur,
797 3257 837 3321 de
861 3279 925 3343 quo
950 3279 1008 3320 usu
1031 3255 1114 3321 infra
1136 3257 1305 3344 separatim
1328 3257 1461 3322 dicetur.

314 3382 317 3388 '
411 3378 448 3459 b)
469 3378 555 3445 Tum
579 3377 650 3444 duae
672 3379 905 3445 enunciationes
929 3403 985 3467 per
1007 3392 1041 3443 ut
1063 3380 1249 3466 particulam
1272 3403 1509 3468 nonnumquam
1533 3381 1579 3445 ita
1592 3380 1674 3444 inter
1689 3402 1722 3444 se
1738 3381 1986 3467 conjunguntur,

280 3514 320 3567 ut
340 3500 499 3587 quendam
519 3504 680 3569 causarum
704 3506 824 3567 nexum
846 3504 929 3568 iuter
951 3526 1002 3567 eas
1025 3503 1175 3568 iuteresse
1197 3503 1402 3590 significet-ur,
1427 3528 1491 3591 qua
1513 3504 1643 3568 notione
1666 3516 1701 3567 ut
1724 3504 1879 3591 particula
1902 3527 1988 3591 perne

281 3624 367 3693 idem
390 3624 566 3713 siguificare
587 3627 714 3693 videtur
736 3640 828 3714 atque
852 3628 936 3712 quod
958 3627 1147 3712 conjunctio.

318 3754 321 3759 ’
415 3750 452 3827 4)
474 3748 639 3815 Postremo
661 3749 733 3814 duoe
755 3749 989 3815 enunciationes
1011 3748 1171 3814 interdum
1195 3771 1250 3835 per
1272 3759 1307 3811 ut
1327 3749 1513 3835 perticulam
1529 3750 1575 3814 ita
1589 3750 1673 3814 inter
1688 3772 1721 3815 sc
1737 3751 1988 3837 conjunguntur,

282 3884 321 3937 ut
341 3894 409 3937 rem
431 3869 545 3961 prioris
567 3873 703 3938 membri
726 3873 770 3937 rci
795 3873 924 3937 alterius
947 3872 1079 3937 membri
1101 3872 1275 3959 oppositam
1293 3894 1360 3936 esse
1375 3872 1543 3937 indicetur.
1583 3871 1653 3950 Quo
1669 3895 1728 3937 usu
1744 3874 1776 3937 in
1794 3866 1989 3940 demonstrass

284 3994 353 4061 tivo
375 3996 517 4062 membro
531 4018 613 4085 saepe
630 4010 800 4084 usurpatur
814 3999 860 4061 ita
875 3995 1068 4074 adverbium,
1085 4019 1183 4082 quum
1199 4008 1234 4060 ut
1250 4032 1292 4043 -
1308 3999 1354 4060 ita
1369 3997 1539 4083 particulas
1554 3997 1734 4082 germanice
1749 3996 1845 4061 Zacca·
1861 4034 1902 4044 -
1919 3999 1993 4062 aber

282 4118 539 4207 interpretamur,
564 4121 655 4205 cujus
678 4144 752 4185 usus
776 4134 883 4185 tamen
907 4119 989 4207 apud
1012 4120 1198 4184 Terentium
1221 4120 1344 4185 nullum
1368 4118 1528 4185 iuvenitur
1552 4120 1746 4207 exemplum.

418 4240 526 4323 Quum
546 4244 613 4329 jam
636 4242 676 4309 ad
700 4244 833 4331 primam
856 4242 953 4328 hujus
976 4243 1136 4326 particulae
1157 4243 1319 4308 notionem
1342 4243 1580 4309 describendam
1604 4257 1736 4323 transeo,
1757 4245 1894 4332 primum
1915 4246 1991 4310 affc-

282 4376 393 4431 reutur
417 4366 573 4454 exemplu,
600 4368 633 4433 in
658 4368 773 4453 quibua
800 4366 925 4431 nullum
954 4365 1138 4431 adverbium
1167 4379 1202 4430 ut
1230 4367 1449 4452 conjunctioni
1477 4368 1656 4454 respondet,
1696 4366 1810 4433 deiude
1844 4371 1993 4457 exempla

283 4500 465 4575 sequentur,
488 4490 521 4554 in
545 4490 660 4576 quibua
683 4490 887 4555 inveniuntur
909 4490 1104 4567 correlative,
1129 4514 1198 4576 quae
1213 4502 1377 4568 vocantur,
1394 4489 1554 4568 adverbia,
1571 4491 1677 4578 qualia
1692 4503 1766 4556 sunt
1780 4494 1836 4569 ita,
1852 4495 1906 4570 sic,
1922 4492 1991 4557 alia.

420 4766 444 4834 ¹)
463 4766 497 4822 H.
516 4768 628 4836 Meuge:
665 4769 861 4838 Repetitorium
880 4768 929 4822 der
947 4768 1123 4822 lateinischeu
1142 4769 1243 4838 Synux
1261 4769 1317 4823 und
1336 4769 1461 4836 Stilistik,
1480 4769 1683 4837 Wclfeubuttel,
1703 4771 1780 4836 188⁶,
1799 4788 1825 4840 p.
1843 4772 1905 4826 2⁸27.
