4576 5784
884 903 1407 1027 QVANTVM.

427 1153 502 1219 ‹Jam
525 1176 599 1217 vcro
620 1153 660 1218 ad
682 1153 828 1218 notiones
851 1164 1004 1239 qnantum
1026 1151 1187 1241 particulae
1209 1151 1426 1217 describendas
1448 1162 1583 1215 transeo.
1630 1150 1707 1229 Quae
1723 1148 1875 1237 particula
1889 1172 2003 1236 quarn·

296 1300 390 1365 quam
418 1277 546 1365 proprio
573 1300 666 1370 sensu
695 1290 743 1342 est
769 1275 993 1364 pronominale,
1023 1276 1109 1363 quod
1137 1275 1264 1352 dicitur,
1292 1275 1325 1340 in
1349 1275 1545 1353 nominativo
1571 1275 1622 1339 vel
1645 1274 1824 1339 accusativo
1847 1274 2003 1361 positum,

295 1413 400 1466 tamen
427 1423 667 1488 nonnumquam
695 1400 729 1466 in
756 1400 939 1466 adverbium
966 1399 1133 1465 relativum
1161 1397 1292 1464 transire
1314 1398 1443 1464 videtur
1466 1399 1596 1485 ejusque
1619 1397 1732 1463 habere
1755 1397 1931 1474 notionem,
1955 1396 2004 1463 ita

295 1537 344 1590 ut¹
359 1525 399 1590 ad
423 1524 691 1612 comparationem
720 1524 923 1590 indicandam
950 1536 1127 1611 usurpetur.
1179 1523 1250 1602 Quo
1278 1546 1337 1587 usu
1365 1534 1517 1608 quantum
1545 1522 1700 1610 particula
1726 1544 1823 1607 quum
1847 1544 1937 1608 pene
1961 1520 2003 1588 ad

294 1648 453 1717 notionem
476 1647 708 1734 conjunctionis
731 1646 951 1736 comparativae
972 1647 1123 1712 accedere
1145 1646 1299 1724 videatur,
1324 1646 1365 1712 de
1384 1646 1568 1712 notionibus
1584 1647 1653 1732 ejus
1669 1668 1753 1710 nune
1769 1667 1869 1732 pauca
1884 1643 2002 1723 dicam,

295 1795 364 1859 quae
387 1771 525 1859 quidem,
550 1770 684 1837 sirecte
703 1771 827 1858 judico,
850 1771 920 1837 dum
941 1771 1129 1837 fermeesse
1153 1769 1312 1837 videntur.

432 1895 466 1978 1)
494 1893 638 1961 Primum
666 1918 729 1961 una
751 1908 799 1960 est
821 1895 1018 1982 significatio,
1043 1918 1140 1983 quum
1165 1906 1316 1978 quantum
1338 1893 1519 1984 germanice
1541 1916 1574 1957 ao
1596 1892 1654 1958 vicl
1676 1893 1723 1956 ala
1744 1892 2002 1980 interpretamur.

298 2018 369 2098 Qua
391 2019 518 2085 notione
539 2030 690 2102 quonium
706 2019 867 2106 particulae
882 2019 1052 2108 respondet
1067 2030 1187 2084 tautam
1202 2018 1387 2084 adverbium
1402 2017 1642 2084 demonstrativi
1657 2016 1799 2095 membri,
1816 2016 1909 2103 cujus
1923 2040 2003 2083 usus

297 2166 396 2208 unum
423 2154 472 2208 est
499 2143 682 2231 exemplum
710 2143 827 2209 Heaut.
860 2145 900 2208 13
923 2145 952 2207 ai
974 2145 1023 2208 iric
1044 2156 1129 2208 actor
1151 2155 1272 2208 tantam
1288 2145 1404 2232 poterit
1427 2167 1447 2206 a
1464 2142 1632 2230 secundia,
1655 2152 1805 2226 quarratam
1827 2139 1880 2205 iile
1894 2142 2002 2227 potuit

297 2269 431 2354 cogitare
454 2269 618 2366 commode,
645 2269 736 2353 cujus
762 2268 902 2356 exempli
929 2268 995 2333 hoec
1018 2267 1082 2333 duo
1096 2268 1297 2345 correlative,
1322 2291 1391 2355 quae
1413 2279 1577 2344 vocantur,
1600 2265 1750 2332 adverbia
1772 2265 1812 2330 ad
1832 2264 2002 2332 dissimilia

295 2391 447 2457 vocabula
468 2392 578 2457 referri
600 2391 758 2471 videntur,
782 2416 880 2480 quum
904 2404 1024 2456 turrium
1046 2391 1232 2457 adverbium
1255 2392 1493 2457 demonstrativi
1515 2391 1648 2459 membri
1669 2391 1707 2456 ad
1723 2392 1839 2479 poterit
1854 2389 1999 2468 verbum,

295 2527 446 2602 quantum
469 2516 624 2604 particula
645 2528 752 2582 autem
776 2516 815 2582 ad
838 2519 972 2603 cogitare
994 2516 1137 2594 verbum,
1162 2516 1212 2582 vel
1235 2517 1261 2581 si
1284 2516 1391 2604 potius
1414 2516 1462 2580 vis
1484 2515 1523 2581 ad
1546 2517 1699 2580 commode
1717 2513 1903 2580 adverbium
1917 2513 2000 2579 refe·

296 2652 391 2705 ratur.
438 2639 681 2728 Nonnumquam
705 2652 809 2705 autem
834 2652 953 2705 tuntum
975 2639 1124 2706 adverbio
1140 2641 1256 2705 omisso
1272 2652 1423 2725 quantum
1439 2640 1592 2727 particula
1607 2640 1673 2704 sola
1688 2639 1825 2727 ponitur,
1841 2650 1879 2704 ut
1895 2639 1999 2705 Andr.

296 2764 362 2828 710
384 2764 437 2828 cito
460 2775 495 2828 tu
515 2764 676 2851 inpudens,
698 2787 757 2829 nou
779 2767 856 2831 cutia
878 2765 978 2842 babae,
998 2766 1081 2848 quod
1097 2766 1154 2829 tibi
1168 2765 1319 2830 dieculam
1335 2766 1416 2829 addc
1431 2775 1582 2848 quantum
1598 2763 1670 2828 duic
1680 2786 1847 2851 proniores
1862 2766 2001 2853 nuptiae,

296 2887 351 2952 ubi
365 2898 524 2974 7φιαιιιιιηι
547 2887 639 2953 Weat
661 2891 708 2952 »in
730 2911 763 2952 ao
780 2888 843 2976 sar
858 2912 907 2952 aar
929 2889 1155 2976 interpretatur
1169 2888 1206 2970 ¹),
1230 2891 1321 2975 cujus
1345 2887 1485 2976 exempli
1508 2889 1541 2953 in
1564 2901 1699 2976 utroque
1722 2888 1862 2953 membro
1882 2888 2002 2976 legitur

295 3009 485 3076 indicativus
507 3012 680 3099 presentis.

429 3135 501 3214 Quo
523 3159 582 3200 usu
604 3159 642 3201 ea
664 3135 820 3225 precipue
844 3137 989 3225 exempla
1011 3136 1202 3202 observanda
1224 3160 1290 3203 esse
1314 3136 1473 3215 videntur,
1497 3160 1629 3223 quorum
1653 3137 1685 3202 in
1706 3136 1928 3202 enunciatione
1945 3160 2001 3224 per

296 3269 447 3344 quantum
469 3260 551 3324 elata
572 3259 668 3324 verba
690 3281 766 3344 queo
788 3272 821 3324 et
837 3283 967 3349 possum
989 3261 1147 3347 leguntur.

430 3381 461 3464 a)
488 3381 630 3447 Primum
658 3383 815 3471 exempla,
839 3383 872 3447 in
898 3382 1013 3470 quibus
1036 3395 1187 3468 quantum
1209 3384 1363 3471 particula
1385 3407 1456 3448 cum
1481 3404 1556 3467 queo
1579 3384 1673 3449 verbo
1696 3383 1911 3472 conjungitur,
1936 3383 2002 3450 haec

295 3505 484 3570 afferuntur:
530 3506 613 3571 Eun.
638 3506 703 3570 844
726 3508 781 3571 ubi
803 3509 876 3584 uidi,
898 3529 951 3594 epo
974 3530 1021 3572 ma
1042 3510 1075 3572 ia
1092 3509 1188 3595 pedes
1203 3520 1354 3592 quantum
1369 3529 1444 3592 queo
1459 3511 1491 3572 in
1507 3510 1706 3595 angiportum
1721 3510 1879 3594 quoddam
1894 3511 2001 3574 daer-

297 3639 372 3707 tam,
395 3629 488 3714 cujus
510 3629 649 3718 exempli
671 3629 705 3695 in
729 3629 978 3696 demonstrativo
1000 3632 1141 3697 membro
1165 3633 1293 3718 conjicio
1315 3631 1446 3697 verbum
1469 3645 1574 3699 mente
1596 3631 1776 3698 addendum
1790 3644 1846 3698 est.
1893 3632 2000 3698 Andr.

296 3751 359 3849 577
395 3763 423 3817 et
456 3755 483 3817 is
516 3754 595 3818 mibi
619 3755 728 3818 suadet
754 3758 880 3841 nuptiae
907 3766 1057 3838 quantum
1085 3775 1195 3839 queam
1222 3766 1256 3818 ut
1282 3757 1444 3833 succurere,
1466 3756 1500 3821 in
1522 3779 1585 3842 quo
1608 3756 1756 3845 exemplo
1779 3756 2001 3842 conjunctivus

295 3879 433 3961 (queam)
455 3890 585 3967 propter
607 3879 693 3945 modi
714 3878 942 3957 attractionem,
966 3902 1061 3966 quam
1084 3891 1209 3957 vocant,
1233 3891 1409 3968 usurpatur.

431 4000 465 4082 b)
490 4003 613 4068 Deinde
636 4015 787 4087 quantum
809 4004 964 4091 particula
985 4004 1024 4069 ad
1042 4026 1173 4091 porrum
1196 4003 1329 4069 verbum
1352 4003 1485 4068 refertur
1507 4016 1600 4091 atque
1614 4004 1649 4070 id
1665 4004 1793 4092 quidem
1809 4027 1932 4093 semper
1946 4006 2001 4083 ita,

296 4137 333 4191 ut
366 4148 537 4212 numquam
566 4139 716 4211 quantum
744 4129 898 4216 particula
924 4127 986 4193 nisi
1012 4151 1085 4192 cum
1113 4127 1205 4193 tertia
1231 4151 1365 4215 persona
1391 4127 1557 4215 singularis
1584 4129 1617 4193 in
1643 4129 1814 4195 indicativo
1840 4129 2002 4218 presentis

297 4249 402 4339 posita
429 4253 553 4338 (ροίωι)
581 4252 750 4336 conjuncta
776 4252 966 4332 inveniatur,
994 4275 1037 4317 ex
1064 4275 1126 4339 quo
1152 4252 1276 4318 exsistit
1302 4263 1450 4337 quantam
1473 4264 1574 4339 poteri
1601 4253 1728 4318 locutio.
1776 4253 1852 4332 Quae
1878 4253 2002 4319 locutio

297 4374 453 4461 quomodo
475 4397 546 4440 cum
569 4375 618 4454 iis,
641 4399 710 4461 quae
734 4375 915 4464 praecedunt
938 4376 989 4441 vel
1013 4389 1196 4462 sequuntur,
1220 4375 1371 4440 cohaereat
1394 4399 1492 4464 quum
1515 4376 1711 4463 spectaveris,
1735 4376 1768 4441 in
1789 4400 1826 4441 ca
1841 4376 2002 4464 quandam

298 4498 466 4563 celeritatis
489 4498 651 4564 notionem
673 4500 777 4565 inesse
800 4499 951 4578 invenies,
974 4500 1020 4564 ita
1042 4511 1079 4564 ut
1101 4511 1251 4583 quantum
1269 4511 1369 4586 poten
1390 4498 1487 4565 latine
1510 4521 1605 4583 quum
1627 4499 1782 4565 numme
1798 4502 1876 4588 sieri
1889 4513 2003 4588 potest,

295 4622 476 4709 germanice
497 4644 531 4686 ao
552 4623 666 4688 aebneli
687 4646 717 4688 ca
739 4624 870 4709 moglicis
891 4627 932 4688 iat
953 4623 1151 4711 interpretari
1173 4623 1336 4711 possimus.
1384 4624 1459 4703 Quae
1482 4624 1600 4689 locutio
1620 4648 1719 4711 quum
1734 4637 1913 4709 usurpatur,
1930 4649 2002 4692 ver·

298 4744 374 4809 bum
397 4744 637 4812 demonstrativi
661 4746 794 4812 membri
816 4761 871 4812 aut
892 4748 926 4812 in
948 4748 1134 4835 imperativo
1157 4761 1212 4813 aut
1234 4748 1267 4811 in
1290 4746 1465 4834 gerundivo
1487 4747 1625 4834 ponitur.

434 4955 456 5025 ι)
474 4958 507 5012 A.
526 4956 616 5012 West:
653 4957 682 5012 P.
700 4957 810 5014 Terenti
828 4957 889 5012 Afri
907 4957 1012 5015 Andria
1029 4964 1057 5014 et
1075 4959 1200 5015 Heauton
1217 4958 1429 5025 Timorumenos,
1447 4957 1600 5013 Nea-York
1619 4958 1689 5013 1888
1707 4975 1733 5031 p.
1752 4959 1813 5014 181.
