4530 5776
863 1108 866 1113 ’
968 1119 1278 1243 QVAM.

1065 1373 1137 1445 4·

801 1544 852 1611 Its
875 1544 909 1611 ri
932 1562 973 1610 ue
996 1545 1125 1610 nutura
1147 1566 1233 1630 quam
1256 1543 1449 1627 portloulrs.
1484 1514 1489 1521 .

407 1689 684 1775 Comparationem
710 1688 866 1773 quendem
894 1711 949 1774 per
978 1712 1073 1772 qnam
1101 1687 1287 1775 particulam
1315 1687 1436 1751 dusbus
1464 1687 1638 1751 rationibus
1668 1686 1735 1750 fieri
1763 1709 1856 1773 posse
1885 1685 1982 1750 facile

274 1811 472 1898 intelligitur.
520 1812 661 1877 Primum
689 1812 820 1899 quidem
848 1836 943 1897 quom
967 1812 1122 1898 porticulo
1144 1824 1216 1897 post
1239 1811 1487 1899 comparativum
1509 1812 1555 1875 its
1577 1825 1755 1897 usurpatur,
1779 1822 1816 1875 ut
1838 1809 1983 1895 singulus

274 1958 324 2000 ros
347 1934 492 2020 ejusdem
513 1936 635 2022 generis
657 1937 740 2001 inter
762 1959 795 2001 se
816 1937 988 2022 oompnrsri
1011 1935 1139 2012 indicet,
1161 1960 1229 2020 quae
1245 1935 1436 2023 comparatio
1452 1934 1575 1999 duobus
1590 1934 1691 1999 rnodis
1707 1932 1844 2021 exprimi
1860 1944 1980 2020 potest

274 2060 357 2124 Nom
385 2083 435 2125 res
463 2074 641 2148 comparato
667 2073 722 2125 eut
748 2073 820 2147 post
846 2061 1095 2146 comparativum
1123 2058 1156 2123 in
1179 2060 1318 2124 ablativo
1342 2059 1469 2146 ponitur
1491 2059 1606 2123 omissa
1629 2082 1725 2144 quam
1747 2056 1903 2144 porticulo
1924 2068 1984 2122 sut

276 2185 421 2271 siquam
450 2185 602 2272 particula
625 2198 804 2272 usurpatur,
829 2184 862 2248 in
886 2185 995 2249 eodum
1019 2208 1093 2250 onsu
1117 2184 1245 2271 ponitur
1268 2198 1362 2270 atque
1386 2207 1423 2247 os
1445 2207 1505 2259 res,
1530 2194 1901 2279 quacumlcompurstur,
1925 2182 1983 2268 qui

278 2333 352 2374 usus
381 2334 475 2396 qusnr
505 2311 651 2396 frequens
675 2333 831 2396 quamque
854 2310 1003 2393 vulgatus
1027 2311 1078 2385 sit,
1103 2331 1201 2395 quum
1224 2330 1320 2371 nomo
1343 2331 1405 2371 non
1428 2308 1593 2393 cognitum
1616 2306 1741 2382 habeat,
1762 2306 1818 2370 illa
1837 2306 1986 2392 exemplu

278 2446 429 2521 pretereo,
459 2434 632 2520 praesertim
660 2456 757 2519 quum
786 2433 824 2497 od
852 2433 897 2511 id,
925 2434 1008 2519 quod
1033 2432 1112 2496 mihi
1135 2433 1283 2519 proposui
1307 2432 1514 2509 tractandum,
1539 2455 1603 2495 non
1624 2431 1811 2518 pertineant.
1858 2429 1984 2501 Deinde

280 2557 350 2622 duae
373 2558 617 2634 enunciationes,
643 2581 712 2644 quse
734 2557 816 2622 inter
839 2581 871 2622 se
895 2571 1125 2644 comparantur,
1150 2581 1205 2644 por
1229 2581 1323 2643 quom
1347 2557 1532 2643 particulam
1557 2557 1805 2641 conjunguntur,
1829 2579 1846 2619 e
1866 2554 1982 2641 quibus

276 2706 339 2748 uns
360 2696 408 2747 est
431 2681 611 2747 enunciatio
634 2681 790 2769 primorie,
814 2683 910 2746 sltem
933 2695 1039 2747 sutem
1062 2683 1242 2747 enunciatio
1265 2682 1476 2770 comparativa
1499 2704 1555 2768 per
1579 2704 1674 2767 quam
1690 2681 1875 2767 perticulam
1890 2680 1981 2744 elsts.

279 2807 379 2892 Cujus
402 2828 477 2870 usus
499 2806 569 2870 duae
591 2806 735 2870 notiones
758 2818 890 2892 possunt
912 2806 1057 2870 discerni.
1105 2807 1177 2871 Uno
1200 2807 1283 2871 enim
1307 2820 1355 2871 est
1377 2806 1576 2891 significatio,
1601 2828 1700 2892 quum
1717 2829 1814 2891 quom
1831 2805 1984 2891 particula

278 2944 447 3017 usurpatur
470 2941 544 3016 post
567 2928 723 3015 sdjoetivs
746 2942 779 2994 et
802 2929 951 2994 adverbis
973 2930 1005 2994 in
1030 2931 1245 3017 comparativo
1262 2931 1363 3017 posits
1379 2931 1429 2994 vel
1445 2930 1505 2993 slis
1520 2928 1686 3006 vocabula,
1703 2952 1771 3014 quse
1785 2929 1850 2992 vim
1867 2927 1985 2993 habent

280 3055 536 3143 comparativum,
572 3077 636 3140 quo
671 3077 730 3118 usu
764 3075 860 3139 quam
887 3055 1004 3119 svetim
1033 3065 1075 3118 ᾶη
1103 3054 1356 3140 interpretamur.
1409 3055 1522 3117 Altera
1551 3065 1657 3117 autom
1685 3066 1733 3118 est
1759 3052 1857 3130 notio,
1885 3075 1985 3138 quum

281 3202 376 3267 quam
400 3178 554 3267 particulo
576 3178 746 3265 respondet
769 3178 973 3255 correlativis‚
997 3202 1067 3265 quae
1090 3191 1251 3255 vocantur,
1275 3177 1443 3254 adverbiis,
1469 3177 1574 3263 qualis
1594 3190 1667 3242 sunt
1682 3189 1757 3255 tom,
1775 3188 1907 3254 tantum,
1923 3199 1985 3262 quo

280 3327 340 3369 usu
364 3327 459 3390 quam
482 3303 601 3367 svetioe
624 3324 691 3366 rom
714 3303 965 3388 interpretamur.

1113 3677 1155 3748 ll.

676 3865 727 3933 Be
749 3888 835 3952 quam
859 3866 1034 3950 particula
1056 3867 1137 3951 post
1159 3865 1437 3949 comparativum
1460 3865 1587 3948 positu.

418 4009 464 4074 Ut
487 4033 542 4096 por
566 4034 662 4095 quam
685 4009 872 4096 particulam
898 4009 1036 4096 singulas
1059 4033 1109 4073 ros
1133 4010 1214 4073 inter
1237 4032 1269 4072 so
1292 4008 1463 4095 comparari
1487 4006 1689 4093 significatur,
1712 4007 1758 4070 its
1780 4003 1875 4070 etism
1890 4027 1987 4069 enun·

283 4133 436 4199 cistiones
464 4158 518 4221 per
546 4157 613 4198 eam
642 4134 812 4220 comparari
842 4145 981 4220 possunt.
1035 4133 1105 4213 Quo
1134 4156 1192 4197 usu
1217 4158 1313 4218 quom
1336 4132 1492 4218 particula
1514 4144 1547 4196 et
1570 4155 1642 4195 oum
1666 4131 1837 4195 indicativo
1860 4143 1892 4194 et
1915 4152 1989 4193 eum

283 4258 486 4342 conjunctivo
509 4258 723 4345 conjungitur.

417 4383 462 4463 A)
486 4383 533 4446 De
558 4406 653 4469 quam
699 4381 851 4469 particula
873 4405 945 4446 cum
970 4381 1143 4446 indicativo
1167 4381 1342 4465 conjuncto.

417 4508 447 4587 a)
483 4506 521 4569 ln
548 4519 680 4592 utroquo
710 4506 849 4571 membro
875 4506 992 4592 legitur
1019 4506 1208 4571 indicat-ivus
1237 4505 1411 4592 prmsontis:
1464 4504 1545 4567 Eun.
1577 4503 1640 4565 527
1676 4503 1781 4579 Tlrais,
1811 4526 1906 4587 quom
1934 4524 1991 4585 epo

284 4656 363 4708 sunt,
391 4630 594 4694 maiusoulust
608 4630 643 4710 ¹).
696 4630 809 4694 Heaut.
842 4631 904 4694 659
929 4631 1006 4717 plus
1033 4634 1101 4718 spei
1128 4632 1218 4694 video
1248 4654 1340 4716 (poam
1373 4628 1451 4692 uolo.
1504 4626 1633 4691 Phorm.
1660 4628 1722 4691 787
1749 4650 1786 4690 ar
1804 4625 1866 4712 pol
1889 4627 1992 4689 mirum

286 4780 364 4841 queo
394 4757 457 4818 viri
484 4753 589 4839 culpa,
620 4777 714 4839 quam
743 4778 792 4819 me
820 4756 989 4840 dipnumst.
1019 4754 1095 4818 ibid.
1126 4756 1187 4818 807
1219 4777 1262 4839 sq.
1293 4765 1326 4816 at
1356 4755 1402 4815 ita
1430 4775 1478 4815 rue
1499 4763 1598 4815 servet
1620 4751 1778 4836 anpirer
1800 4762 1835 4812 ut
1857 4752 1995 4836 propior

283 4897 496 4906 -.—-.———-

418 4966 441 5033 ¹)
460 4965 594 5020 versuum
613 4980 738 5019 numeros
757 4964 893 5035 desumpsi
911 4981 944 5019 ox
962 4965 1080 5019 editione
1098 4963 1285 5027 i'lseksisenii,
1304 4961 1415 5031 Leipzig
1435 4962 1512 5015 1871.
